<?xml version="1.0" encoding="UTF-8"?>
<!DOCTYPE html PUBLIC "-//W3C//DTD XHTML 1.0 Transitional//EN"
    "http://www.w3.org/TR/xhtml1/DTD/xhtml1-transitional.dtd">
<html xmlns="http://www.w3.org/1999/xhtml" xml:lang="en" lang="en">
 <head>
  <title>
</title>
<meta http-equiv="Content-Type" content="text/html;charset=utf-8" />
  <meta name='ocr-system' content='tesseract 3.04.00' />
  <meta name='ocr-capabilities' content='ocr_page ocr_carea ocr_par ocr_line ocrx_word'/>
</head>
<body>
  <div class='ocr_page' id='page_1' title='image "./fastiquaestorum00blgoog_0019.png"; bbox 0 0 4416 5700; ppageno 0'>
   <div class='ocr_carea' id='block_1_1' title="bbox 1098 222 1214 315">
    <p class='ocr_par' dir='ltr' id='par_1_1' title="bbox 1098 222 1214 315">
     <span class='ocr_line' id='line_1_1' title="bbox 1098 222 1214 315; baseline 0.009 -1"><span class='ocrx_word' id='word_1_1' title='bbox 1098 222 1214 315; x_wconf 56' lang='lat' dir='ltr'>u„</span> 
     </span>
    </p>
   </div>
   <div class='ocr_carea' id='block_1_2' title="bbox 181 434 2075 1925">
    <p class='ocr_par' dir='ltr' id='par_1_2' title="bbox 181 434 2075 1925">
     <span class='ocr_line' id='line_1_2' title="bbox 205 434 2070 514; baseline -0.002 -16"><span class='ocrx_word' id='word_1_2' title='bbox 205 434 270 498; x_wconf 83' lang='lat' dir='ltr'>Cll</span> <span class='ocrx_word' id='word_1_3' title='bbox 295 434 340 496; x_wconf 88' lang='lat' dir='ltr'>l.²</span> <span class='ocrx_word' id='word_1_4' title='bbox 367 437 427 498; x_wconf 83' lang='lat'>199</span> <span class='ocrx_word' id='word_1_5' title='bbox 451 453 480 496; x_wconf 91' lang='lat' dir='ltr'>n.</span> <span class='ocrx_word' id='word_1_6' title='bbox 505 438 559 497; x_wconf 82' lang='lat'>30:</span> <span class='ocrx_word' id='word_1_7' title='bbox 584 436 630 500; x_wconf 89' lang='lat' dir='ltr'>M.</span> <span class='ocrx_word' id='word_1_8' title='bbox 650 435 753 497; x_wconf 86' lang='lat' dir='ltr'>Livius</span> <span class='ocrx_word' id='word_1_9' title='bbox 776 436 821 496; x_wconf 91' lang='lat' dir='ltr'>M.</span> <span class='ocrx_word' id='word_1_10' title='bbox 837 436 864 514; x_wconf 67' lang='lat' dir='ltr'><em>fi</em></span> <span class='ocrx_word' id='word_1_11' title='bbox 890 435 924 498; x_wconf 88' lang='lat' dir='ltr'>C.</span> <span class='ocrx_word' id='word_1_12' title='bbox 948 455 977 496; x_wconf 89' lang='lat' dir='ltr'>n.</span> <span class='ocrx_word' id='word_1_13' title='bbox 1001 435 1124 497; x_wconf 81' lang='lat' dir='ltr'><strong><em>Drusus</em></strong></span> <span class='ocrx_word' id='word_1_14' title='bbox 1143 435 1279 514; x_wconf 78' lang='lat' dir='ltr'>pontifex</span> <span class='ocrx_word' id='word_1_15' title='bbox 1301 438 1335 496; x_wconf 88' lang='lat' dir='ltr'>tr.</span> <span class='ocrx_word' id='word_1_16' title='bbox 1359 435 1420 496; x_wconf 86' lang='lat' dir='ltr'>mit</span> <span class='ocrx_word' id='word_1_17' title='bbox 1444 435 1522 496; x_wconf 83' lang='lat' dir='ltr'>Xvir</span> <span class='ocrx_word' id='word_1_18' title='bbox 1540 435 1613 497; x_wconf 84' lang='lat' dir='ltr'>sitit.</span> <span class='ocrx_word' id='word_1_19' title='bbox 1629 435 1717 496; x_wconf 82' lang='lat' dir='ltr'>iudt‘c.</span> <span class='ocrx_word' id='word_1_20' title='bbox 1734 438 1768 497; x_wconf 85' lang='lat' dir='ltr'>tr.</span> <span class='ocrx_word' id='word_1_21' title='bbox 1785 437 1827 514; x_wconf 88' lang='lat' dir='ltr'>pt.</span> <span class='ocrx_word' id='word_1_22' title='bbox 1844 436 1922 497; x_wconf 85' lang='grc' dir='ltr'><em>Χνίτ</em></span> <span class='ocrx_word' id='word_1_23' title='bbox 1942 454 1970 496; x_wconf 94' lang='grc' dir='ltr'>α.</span> <span class='ocrx_word' id='word_1_24' title='bbox 1991 437 2020 495; x_wconf 81' lang='lat' dir='ltr'>d.</span> <span class='ocrx_word' id='word_1_25' title='bbox 2041 454 2070 496; x_wconf 90' lang='grc' dir='ltr'>α.</span> 
     </span>
     <span class='ocr_line' id='line_1_3' title="bbox 205 523 2072 603; baseline -0.001 -17"><span class='ocrx_word' id='word_1_26' title='bbox 205 525 268 603; x_wconf 80' lang='lat' dir='ltr'>tege</span> <span class='ocrx_word' id='word_1_27' title='bbox 287 542 346 586; x_wconf 85' lang='lat' dir='ltr'>suu</span> <span class='ocrx_word' id='word_1_28' title='bbox 369 528 399 586; x_wconf 83' lang='lat' dir='ltr'>et</span> <span class='ocrx_word' id='word_1_29' title='bbox 419 525 522 586; x_wconf 83' lang='lat' dir='ltr'>eodem</span> <span class='ocrx_word' id='word_1_30' title='bbox 544 543 627 587; x_wconf 86' lang='lat' dir='ltr'>anno</span> <span class='ocrx_word' id='word_1_31' title='bbox 656 525 732 587; x_wconf 89' lang='lat' dir='ltr'>Vvir</span> <span class='ocrx_word' id='word_1_32' title='bbox 750 543 779 586; x_wconf 89' lang='grc' dir='ltr'>α.</span> <span class='ocrx_word' id='word_1_33' title='bbox 799 525 827 586; x_wconf 85' lang='lat' dir='ltr'>d.</span> <span class='ocrx_word' id='word_1_34' title='bbox 846 544 874 586; x_wconf 90' lang='grc' dir='ltr'><em>ιι.</em></span> <span class='ocrx_word' id='word_1_35' title='bbox 899 526 962 603; x_wconf 83' lang='lat' dir='ltr'>tege</span> <span class='ocrx_word' id='word_1_36' title='bbox 982 525 1108 603; x_wconf 79' lang='lat' dir='ltr'>Saufeio</span> <span class='ocrx_word' id='word_1_37' title='bbox 1132 525 1163 585; x_wconf 83' lang='lat' dir='ltr'>in</span> <span class='ocrx_word' id='word_1_38' title='bbox 1187 525 1368 602; x_wconf 78' lang='lat' dir='ltr'>magistratu</span> <span class='ocrx_word' id='word_1_39' title='bbox 1389 524 1505 586; x_wconf 70' lang='lat' dir='ltr'>orchus</span> <span class='ocrx_word' id='word_1_40' title='bbox 1527 528 1578 586; x_wconf 82' lang='lat' dir='ltr'>est.</span> <span class='ocrx_word' id='word_1_41' title='bbox 1612 525 1696 596; x_wconf 89' lang='lat' dir='ltr'><strong>Quia</strong></span> <span class='ocrx_word' id='word_1_42' title='bbox 1720 523 1759 586; x_wconf 93' lang='lat' dir='ltr'>de</span> <span class='ocrx_word' id='word_1_43' title='bbox 1778 529 1940 601; x_wconf 84' lang='lat' dir='ltr'>quaestura</span> <span class='ocrx_word' id='word_1_44' title='bbox 1958 524 2072 599; x_wconf 92' lang='lat' dir='ltr'>siletur,</span> 
     </span>
     <span class='ocr_line' id='line_1_4' title="bbox 205 612 2073 694; baseline 0.001 -20"><span class='ocrx_word' id='word_1_45' title='bbox 205 613 326 675; x_wconf 80' lang='lat' dir='ltr'>Drusus</span> <span class='ocrx_word' id='word_1_46' title='bbox 355 632 391 674; x_wconf 89' lang='lat' dir='ltr'>ea</span> <span class='ocrx_word' id='word_1_47' title='bbox 420 613 543 675; x_wconf 87' lang='lat' dir='ltr'>iunctus</span> <span class='ocrx_word' id='word_1_48' title='bbox 572 631 637 675; x_wconf 91' lang='lat' dir='ltr'>non</span> <span class='ocrx_word' id='word_1_49' title='bbox 668 619 720 675; x_wconf 84' lang='lat' dir='ltr'>est</span> <span class='ocrx_word' id='word_1_50' title='bbox 776 613 816 676; x_wconf 84' lang='lat' dir='ltr'>At</span> <span class='ocrx_word' id='word_1_51' title='bbox 846 613 929 692; x_wconf 80' lang='lat' dir='ltr'>[hur.</span> <span class='ocrx_word' id='word_1_52' title='bbox 949 614 1035 694; x_wconf 78' lang='lat' dir='ltr'>Vici]</span> <span class='ocrx_word' id='word_1_53' title='bbox 1070 614 1205 675; x_wconf 84' lang='lat' dir='ltr'>Drusum</span> <span class='ocrx_word' id='word_1_54' title='bbox 1238 618 1431 691; x_wconf 83' lang='lat' dir='ltr'><strong>quaesturam</strong></span> <span class='ocrx_word' id='word_1_55' title='bbox 1469 615 1499 674; x_wconf 93' lang='lat' dir='ltr'>in</span> <span class='ocrx_word' id='word_1_56' title='bbox 1535 613 1608 675; x_wconf 77' lang='lat' dir='ltr'>Asia</span> <span class='ocrx_word' id='word_1_57' title='bbox 1640 613 1771 691; x_wconf 83' lang='lat' dir='ltr'>gessisse</span> <span class='ocrx_word' id='word_1_58' title='bbox 1805 612 1900 674; x_wconf 90' lang='lat' dir='ltr'>tradit.</span> <span class='ocrx_word' id='word_1_59' title='bbox 1957 613 2073 675; x_wconf 79' lang='lat' dir='ltr'>Contm</span> 
     </span>
     <span class='ocr_line' id='line_1_5' title="bbox 204 701 2073 782; baseline 0 -18"><span class='ocrx_word' id='word_1_60' title='bbox 204 703 429 781; x_wconf 90' lang='lat' dir='ltr'>Nipperdeium</span> <span class='ocrx_word' id='word_1_61' title='bbox 454 703 511 781; x_wconf 89' lang='lat' dir='ltr'>leg.</span> <span class='ocrx_word' id='word_1_62' title='bbox 535 720 605 764; x_wconf 92' lang='lat' dir='ltr'>ann.</span> <span class='ocrx_word' id='word_1_63' title='bbox 631 705 681 777; x_wconf 82' lang='lat'>37,</span> <span class='ocrx_word' id='word_1_64' title='bbox 710 704 763 780; x_wconf 91' lang='lat' dir='ltr'>qui</span> <span class='ocrx_word' id='word_1_65' title='bbox 788 703 828 764; x_wconf 91' lang='lat' dir='ltr'>de</span> <span class='ocrx_word' id='word_1_66' title='bbox 850 704 917 764; x_wconf 87' lang='lat' dir='ltr'>eius</span> <span class='ocrx_word' id='word_1_67' title='bbox 945 702 1008 765; x_wconf 91' lang='lat' dir='ltr'>iide</span> <span class='ocrx_word' id='word_1_68' title='bbox 1032 703 1163 764; x_wconf 90' lang='lat' dir='ltr'>omnino</span> <span class='ocrx_word' id='word_1_69' title='bbox 1192 702 1348 778; x_wconf 90' lang='lat' dir='ltr'>dubitavit,</span> <span class='ocrx_word' id='word_1_70' title='bbox 1378 703 1536 782; x_wconf 69' lang='lat' dir='ltr'>Zieglerll,</span> <span class='ocrx_word' id='word_1_71' title='bbox 1567 720 1637 763; x_wconf 91' lang='lat' dir='ltr'>cum</span> <span class='ocrx_word' id='word_1_72' title='bbox 1668 702 1900 779; x_wconf 82' lang='lat' dir='ltr'>discrepantiam</span> <span class='ocrx_word' id='word_1_73' title='bbox 1930 701 2073 780; x_wconf 90' lang='lat' dir='ltr'>expedire</span> 
     </span>
     <span class='ocr_line' id='line_1_6' title="bbox 204 791 2071 871; baseline -0.001 -18"><span class='ocrx_word' id='word_1_74' title='bbox 204 791 345 867; x_wconf 87' lang='lat' dir='ltr'>studeret,</span> <span class='ocrx_word' id='word_1_75' title='bbox 372 791 437 854; x_wconf 90' lang='lat' dir='ltr'>iieri</span> <span class='ocrx_word' id='word_1_76' title='bbox 466 810 539 854; x_wconf 89' lang='lat' dir='ltr'>sane</span> <span class='ocrx_word' id='word_1_77' title='bbox 567 794 704 870; x_wconf 90' lang='lat' dir='ltr'>potuisse</span> <span class='ocrx_word' id='word_1_78' title='bbox 731 796 812 854; x_wconf 84' lang='lat' dir='ltr'>ratus</span> <span class='ocrx_word' id='word_1_79' title='bbox 839 797 892 868; x_wconf 89' lang='lat' dir='ltr'>est,</span> <span class='ocrx_word' id='word_1_80' title='bbox 921 797 952 854; x_wconf 90' lang='lat' dir='ltr'>ut</span> <span class='ocrx_word' id='word_1_81' title='bbox 981 793 1011 853; x_wconf 92' lang='lat' dir='ltr'>in</span> <span class='ocrx_word' id='word_1_82' title='bbox 1040 793 1145 869; x_wconf 94' lang='lat' dir='ltr'>elogio</span> <span class='ocrx_word' id='word_1_83' title='bbox 1175 792 1285 853; x_wconf 82' lang='lat' dir='ltr'>litterae</span> <span class='ocrx_word' id='word_1_84' title='bbox 1312 810 1340 871; x_wconf 84' lang='lat' dir='ltr'>q.</span> <span class='ocrx_word' id='word_1_85' title='bbox 1369 795 1397 852; x_wconf 87' lang='lat' dir='ltr'>et</span> <span class='ocrx_word' id='word_1_86' title='bbox 1424 792 1490 854; x_wconf 85' lang='lat' dir='ltr'>aed.</span> <span class='ocrx_word' id='word_1_87' title='bbox 1520 797 1590 869; x_wconf 91' lang='lat' dir='ltr'>post</span> <span class='ocrx_word' id='word_1_88' title='bbox 1617 791 1693 853; x_wconf 92' lang='lat' dir='ltr'>illud</span> <span class='ocrx_word' id='word_1_89' title='bbox 1723 791 1801 853; x_wconf 83' lang='lat' dir='ltr'>Xvir</span> <span class='ocrx_word' id='word_1_90' title='bbox 1824 792 1895 853; x_wconf 82' lang='lat' dir='ltr'>sitit.</span> <span class='ocrx_word' id='word_1_91' title='bbox 1925 792 2012 852; x_wconf 73' lang='lat' dir='ltr'>tuae</span> <span class='ocrx_word' id='word_1_92' title='bbox 2042 794 2071 852; x_wconf 90' lang='lat' dir='ltr'>in</span> 
     </span>
     <span class='ocr_line' id='line_1_7' title="bbox 206 880 2073 959; baseline 0 -17"><span class='ocrx_word' id='word_1_93' title='bbox 206 882 344 959; x_wconf 86' lang='lat' dir='ltr'>margine</span> <span class='ocrx_word' id='word_1_94' title='bbox 367 882 479 943; x_wconf 90' lang='lat' dir='ltr'>incisae</span> <span class='ocrx_word' id='word_1_95' title='bbox 502 882 640 959; x_wconf 83' lang='lat' dir='ltr'>perirent</span> <span class='ocrx_word' id='word_1_96' title='bbox 687 882 753 942; x_wconf 90' lang='lat' dir='ltr'>Nec</span> <span class='ocrx_word' id='word_1_97' title='bbox 775 882 914 959; x_wconf 91' lang='lat' dir='ltr'>suspicio</span> <span class='ocrx_word' id='word_1_98' title='bbox 938 882 968 942; x_wconf 91' lang='lat' dir='ltr'>in</span> <span class='ocrx_word' id='word_1_99' title='bbox 993 882 1172 958; x_wconf 84' lang='lat' dir='ltr'>scriptorem</span> <span class='ocrx_word' id='word_1_100' title='bbox 1197 880 1268 942; x_wconf 91' lang='lat' dir='ltr'>hinc</span> <span class='ocrx_word' id='word_1_101' title='bbox 1293 885 1441 955; x_wconf 89' lang='lat' dir='ltr'>movetur,</span> <span class='ocrx_word' id='word_1_102' title='bbox 1465 881 1552 958; x_wconf 91' lang='lat' dir='ltr'>quod</span> <span class='ocrx_word' id='word_1_103' title='bbox 1577 882 1808 958; x_wconf 80' lang='lat' dir='ltr'>magistratuum</span> <span class='ocrx_word' id='word_1_104' title='bbox 1832 880 1974 941; x_wconf 89' lang='lat' dir='ltr'>ordinem</span> <span class='ocrx_word' id='word_1_105' title='bbox 2000 898 2073 942; x_wconf 88' lang='lat' dir='ltr'>sane</span> 
     </span>
     <span class='ocr_line' id='line_1_8' title="bbox 205 969 2072 1047; baseline 0 -16"><span class='ocrx_word' id='word_1_106' title='bbox 205 970 377 1032; x_wconf 89' lang='lat' dir='ltr'>inauditum</span> <span class='ocrx_word' id='word_1_107' title='bbox 401 969 532 1032; x_wconf 87' lang='lat' dir='ltr'>exhibet.</span> <span class='ocrx_word' id='word_1_108' title='bbox 577 970 675 1042; x_wconf 90' lang='lat' dir='ltr'>Quod</span> <span class='ocrx_word' id='word_1_109' title='bbox 700 971 821 1032; x_wconf 88' lang='lat' dir='ltr'>Dmsus</span> <span class='ocrx_word' id='word_1_110' title='bbox 842 970 1024 1033; x_wconf 83' lang='lat' dir='ltr'>aedilitatem</span> <span class='ocrx_word' id='word_1_111' title='bbox 1047 975 1117 1032; x_wconf 89' lang='lat' dir='ltr'>ante</span> <span class='ocrx_word' id='word_1_112' title='bbox 1139 971 1326 1034; x_wconf 88' lang='lat' dir='ltr'>tribunatum</span> <span class='ocrx_word' id='word_1_113' title='bbox 1351 971 1444 1047; x_wconf 89' lang='lat' dir='ltr'>gessit</span> <span class='ocrx_word' id='word_1_114' title='bbox 1473 1005 1513 1013; x_wconf 84' lang='lat'>-</span> <span class='ocrx_word' id='word_1_115' title='bbox 1544 971 1574 1031; x_wconf 92' lang='lat' dir='ltr'>in</span> <span class='ocrx_word' id='word_1_116' title='bbox 1603 988 1642 1032; x_wconf 94' lang='lat' dir='ltr'>eo</span> <span class='ocrx_word' id='word_1_117' title='bbox 1671 971 1793 1031; x_wconf 92' lang='lat' dir='ltr'>occisus</span> <span class='ocrx_word' id='word_1_118' title='bbox 1821 974 1866 1031; x_wconf 85' lang='lat' dir='ltr'>est</span> <span class='ocrx_word' id='word_1_119' title='bbox 1893 1005 1935 1013; x_wconf 92' lang='lat'><em>-</em></span> <span class='ocrx_word' id='word_1_120' title='bbox 1965 988 2072 1046; x_wconf 93' lang='lat' dir='ltr'>quam-</span> 
     </span>
     <span class='ocr_line' id='line_1_9' title="bbox 205 1057 2071 1138; baseline -0.001 -17"><span class='ocrx_word' id='word_1_121' title='bbox 205 1077 299 1138; x_wconf 90' lang='lat' dir='ltr'>quam</span> <span class='ocrx_word' id='word_1_122' title='bbox 331 1060 442 1121; x_wconf 92' lang='lat' dir='ltr'>mirum</span> <span class='ocrx_word' id='word_1_123' title='bbox 475 1059 601 1135; x_wconf 89' lang='lat' dir='ltr'>videtur,</span> <span class='ocrx_word' id='word_1_124' title='bbox 634 1064 735 1121; x_wconf 89' lang='lat' dir='ltr'>tamen</span> <span class='ocrx_word' id='word_1_125' title='bbox 769 1059 976 1137; x_wconf 90' lang='lat' dir='ltr'>Nipperdeius</span> <span class='ocrx_word' id='word_1_126' title='bbox 1011 1063 1089 1121; x_wconf 91' lang='lat' dir='ltr'>recte</span> <span class='ocrx_word' id='word_1_127' title='bbox 1118 1062 1163 1120; x_wconf 90' lang='lat' dir='ltr'>sic</span> <span class='ocrx_word' id='word_1_128' title='bbox 1192 1060 1371 1136; x_wconf 82' lang='lat' dir='ltr'>explanavit,</span> <span class='ocrx_word' id='word_1_129' title='bbox 1410 1064 1443 1121; x_wconf 90' lang='lat' dir='ltr'>ut</span> <span class='ocrx_word' id='word_1_130' title='bbox 1470 1059 1617 1135; x_wconf 85' lang='lat' dir='ltr'>Drusum,</span> <span class='ocrx_word' id='word_1_131' title='bbox 1649 1076 1719 1120; x_wconf 91' lang='lat' dir='ltr'>cum</span> <span class='ocrx_word' id='word_1_132' title='bbox 1752 1060 1854 1137; x_wconf 90' lang='lat' dir='ltr'>primo</span> <span class='ocrx_word' id='word_1_133' title='bbox 1884 1057 2071 1120; x_wconf 88' lang='lat' dir='ltr'>tribunatum</span> 
     </span>
     <span class='ocr_line' id='line_1_10' title="bbox 205 1149 2074 1227; baseline -0.001 -17"><span class='ocrx_word' id='word_1_134' title='bbox 205 1150 364 1227; x_wconf 80' lang='lat' dir='ltr'>praeterire</span> <span class='ocrx_word' id='word_1_135' title='bbox 396 1149 550 1224; x_wconf 84' lang='lat' dir='ltr'>voluisset,</span> <span class='ocrx_word' id='word_1_136' title='bbox 581 1153 652 1226; x_wconf 90' lang='lat' dir='ltr'>post</span> <span class='ocrx_word' id='word_1_137' title='bbox 672 1149 862 1225; x_wconf 89' lang='lat' dir='ltr'>aedilitatem,</span> <span class='ocrx_word' id='word_1_138' title='bbox 896 1154 928 1211; x_wconf 90' lang='lat' dir='ltr'>ut</span> <span class='ocrx_word' id='word_1_139' title='bbox 955 1150 1131 1226; x_wconf 84' lang='lat' dir='ltr'>rogationes</span> <span class='ocrx_word' id='word_1_140' title='bbox 1153 1166 1225 1209; x_wconf 93' lang='lat' dir='ltr'>suas</span> <span class='ocrx_word' id='word_1_141' title='bbox 1253 1149 1469 1226; x_wconf 85' lang='lat' dir='ltr'>promulgaret,</span> <span class='ocrx_word' id='word_1_142' title='bbox 1498 1149 1638 1226; x_wconf 84' lang='lat' dir='ltr'>petivisse</span> <span class='ocrx_word' id='word_1_143' title='bbox 1665 1152 1813 1210; x_wconf 86' lang='lat' dir='ltr'>statueret.</span> <span class='ocrx_word' id='word_1_144' title='bbox 1859 1149 1981 1225; x_wconf 90' lang='lat' dir='ltr'>Ziegler</span> <span class='ocrx_word' id='word_1_145' title='bbox 2009 1150 2074 1226; x_wconf 86' lang='lat' dir='ltr'>ipse</span> 
     </span>
     <span class='ocr_line' id='line_1_11' title="bbox 205 1237 2074 1316; baseline -0.001 -17"><span class='ocrx_word' id='word_1_146' title='bbox 205 1239 292 1316; x_wconf 92' lang='lat' dir='ltr'>quod</span> <span class='ocrx_word' id='word_1_147' title='bbox 324 1240 465 1299; x_wconf 88' lang='lat' dir='ltr'>lacunam</span> <span class='ocrx_word' id='word_1_148' title='bbox 499 1239 529 1299; x_wconf 93' lang='lat' dir='ltr'>in</span> <span class='ocrx_word' id='word_1_149' title='bbox 558 1238 659 1316; x_wconf 88' lang='lat' dir='ltr'>lapide</span> <span class='ocrx_word' id='word_1_150' title='bbox 687 1256 753 1299; x_wconf 88' lang='lat' dir='ltr'>esse</span> <span class='ocrx_word' id='word_1_151' title='bbox 778 1239 916 1314; x_wconf 89' lang='lat' dir='ltr'>coniecit,</span> <span class='ocrx_word' id='word_1_152' title='bbox 951 1256 1014 1300; x_wconf 92' lang='lat' dir='ltr'>non</span> <span class='ocrx_word' id='word_1_153' title='bbox 1047 1242 1142 1315; x_wconf 89' lang='lat' dir='ltr'>urget.</span> <span class='ocrx_word' id='word_1_154' title='bbox 1190 1237 1341 1315; x_wconf 84' lang='lat' dir='ltr'>Equidem</span> <span class='ocrx_word' id='word_1_155' title='bbox 1371 1255 1389 1298; x_wconf 94' lang='lat' dir='ltr'>a</span> <span class='ocrx_word' id='word_1_156' title='bbox 1421 1239 1569 1314; x_wconf 88' lang='lat' dir='ltr'>scriptore</span> <span class='ocrx_word' id='word_1_157' title='bbox 1601 1242 1795 1315; x_wconf 89' lang='lat' dir='ltr'>quaesturam</span> <span class='ocrx_word' id='word_1_158' title='bbox 1828 1237 2074 1314; x_wconf 91' lang='lat' dir='ltr'>aedilitatemque</span> 
     </span>
     <span class='ocr_line' id='line_1_12' title="bbox 204 1325 2073 1404; baseline 0 -16"><span class='ocrx_word' id='word_1_159' title='bbox 204 1326 330 1389; x_wconf 89' lang='lat' dir='ltr'>tribuno</span> <span class='ocrx_word' id='word_1_160' title='bbox 353 1345 379 1389; x_wconf 95' lang='lat' dir='ltr'>a.</span> <span class='ocrx_word' id='word_1_161' title='bbox 404 1328 468 1389; x_wconf 81' lang='grc'>663</span> <span class='ocrx_word' id='word_1_162' title='bbox 482 1355 523 1379; x_wconf 95' lang='lat'><strong><em>=</em></strong></span> <span class='ocrx_word' id='word_1_163' title='bbox 538 1329 574 1390; x_wconf 82' lang='lat'>91</span> <span class='ocrx_word' id='word_1_164' title='bbox 605 1345 668 1388; x_wconf 93' lang='lat' dir='ltr'>non</span> <span class='ocrx_word' id='word_1_165' title='bbox 694 1331 772 1389; x_wconf 88' lang='lat' dir='ltr'>recte</span> <span class='ocrx_word' id='word_1_166' title='bbox 794 1328 949 1389; x_wconf 88' lang='lat' dir='ltr'>attributas</span> <span class='ocrx_word' id='word_1_167' title='bbox 972 1345 1038 1388; x_wconf 88' lang='lat' dir='ltr'>esse</span> <span class='ocrx_word' id='word_1_168' title='bbox 1061 1345 1133 1388; x_wconf 94' lang='lat' dir='ltr'>cum</span> <span class='ocrx_word' id='word_1_169' title='bbox 1158 1327 1349 1404; x_wconf 90' lang='lat' dir='ltr'>Nipperdeio</span> <span class='ocrx_word' id='word_1_170' title='bbox 1373 1344 1499 1402; x_wconf 88' lang='lat' dir='ltr'>censeo;</span> <span class='ocrx_word' id='word_1_171' title='bbox 1524 1327 1622 1388; x_wconf 90' lang='lat' dir='ltr'>immo</span> <span class='ocrx_word' id='word_1_172' title='bbox 1645 1325 1711 1387; x_wconf 91' lang='lat' dir='ltr'>duo</span> <span class='ocrx_word' id='word_1_173' title='bbox 1736 1326 1778 1388; x_wconf 89' lang='grc' dir='ltr'>Μ.</span> <span class='ocrx_word' id='word_1_174' title='bbox 1796 1327 1870 1387; x_wconf 78' lang='lat' dir='ltr'>livii</span> <span class='ocrx_word' id='word_1_175' title='bbox 1889 1326 1981 1387; x_wconf 91' lang='lat' dir='ltr'>Drusi</span> <span class='ocrx_word' id='word_1_176' title='bbox 2007 1344 2073 1403; x_wconf 91' lang='lat' dir='ltr'>per-</span> 
     </span>
     <span class='ocr_line' id='line_1_13' title="bbox 206 1414 2074 1495; baseline -0.001 -18"><span class='ocrx_word' id='word_1_177' title='bbox 206 1434 309 1495; x_wconf 87' lang='lat' dir='ltr'>peram</span> <span class='ocrx_word' id='word_1_178' title='bbox 334 1416 455 1478; x_wconf 89' lang='lat' dir='ltr'>coniusi</span> <span class='ocrx_word' id='word_1_179' title='bbox 481 1416 663 1494; x_wconf 87' lang='lat' dir='ltr'>diiungendi</span> <span class='ocrx_word' id='word_1_180' title='bbox 688 1421 766 1478; x_wconf 91' lang='lat' dir='ltr'>sunl.</span> <span class='ocrx_word' id='word_1_181' title='bbox 814 1417 845 1477; x_wconf 94' lang='lat' dir='ltr'>ln</span> <span class='ocrx_word' id='word_1_182' title='bbox 870 1416 967 1479; x_wconf 90' lang='lat' dir='ltr'>lilium</span> <span class='ocrx_word' id='word_1_183' title='bbox 993 1416 1127 1477; x_wconf 88' lang='lat' dir='ltr'>delatum</span> <span class='ocrx_word' id='word_1_184' title='bbox 1151 1420 1204 1490; x_wconf 89' lang='lat' dir='ltr'>est,</span> <span class='ocrx_word' id='word_1_185' title='bbox 1234 1416 1321 1493; x_wconf 91' lang='lat' dir='ltr'>quod</span> <span class='ocrx_word' id='word_1_186' title='bbox 1349 1416 1388 1477; x_wconf 91' lang='lat' dir='ltr'>ad</span> <span class='ocrx_word' id='word_1_187' title='bbox 1418 1420 1532 1493; x_wconf 90' lang='lat' dir='ltr'>patrem</span> <span class='ocrx_word' id='word_1_188' title='bbox 1563 1414 1756 1476; x_wconf 79' lang='lat' dir='ltr'>referendum</span> <span class='ocrx_word' id='word_1_189' title='bbox 1784 1421 1855 1477; x_wconf 90' lang='lat' dir='ltr'>erat.</span> <span class='ocrx_word' id='word_1_190' title='bbox 1903 1414 1952 1476; x_wconf 80' lang='lat' dir='ltr'>hb</span> <span class='ocrx_word' id='word_1_191' title='bbox 1982 1415 2074 1477; x_wconf 93' lang='lat' dir='ltr'>huius</span> 
     </span>
     <span class='ocr_line' id='line_1_14' title="bbox 205 1503 2074 1583; baseline 0 -17"><span class='ocrx_word' id='word_1_192' title='bbox 205 1505 288 1567; x_wconf 92' lang='lat' dir='ltr'>enim</span> <span class='ocrx_word' id='word_1_193' title='bbox 314 1505 427 1581; x_wconf 91' lang='lat' dir='ltr'>indole,</span> <span class='ocrx_word' id='word_1_194' title='bbox 451 1507 499 1567; x_wconf 89' lang='lat' dir='ltr'>cui</span> <span class='ocrx_word' id='word_1_195' title='bbox 525 1505 606 1567; x_wconf 90' lang='lat' dir='ltr'>idem</span> <span class='ocrx_word' id='word_1_196' title='bbox 631 1523 746 1567; x_wconf 90' lang='lat' dir='ltr'>nomen</span> <span class='ocrx_word' id='word_1_197' title='bbox 771 1510 833 1567; x_wconf 90' lang='lat' dir='ltr'>erat</span> <span class='ocrx_word' id='word_1_198' title='bbox 854 1511 946 1583; x_wconf 90' lang='lat' dir='ltr'>atque</span> <span class='ocrx_word' id='word_1_199' title='bbox 973 1505 1080 1567; x_wconf 90' lang='lat' dir='ltr'>eadem</span> <span class='ocrx_word' id='word_1_200' title='bbox 1110 1504 1149 1566; x_wconf 91' lang='lat' dir='ltr'>de</span> <span class='ocrx_word' id='word_1_201' title='bbox 1179 1522 1211 1566; x_wconf 90' lang='lat' dir='ltr'>re</span> <span class='ocrx_word' id='word_1_202' title='bbox 1239 1506 1363 1583; x_wconf 92' lang='lat' dir='ltr'>publica</span> <span class='ocrx_word' id='word_1_203' title='bbox 1393 1504 1581 1581; x_wconf 84' lang='lat' dir='ltr'>sententia2),</span> <span class='ocrx_word' id='word_1_204' title='bbox 1609 1503 1696 1581; x_wconf 93' lang='lat' dir='ltr'>quod</span> <span class='ocrx_word' id='word_1_205' title='bbox 1725 1522 1817 1582; x_wconf 89' lang='lat' dir='ltr'>supra</span> <span class='ocrx_word' id='word_1_206' title='bbox 1845 1504 1885 1565; x_wconf 91' lang='lat' dir='ltr'>de</span> <span class='ocrx_word' id='word_1_207' title='bbox 1913 1509 2074 1582; x_wconf 89' lang='lat' dir='ltr'>quaestura</span> 
     </span>
     <span class='ocr_line' id='line_1_15' title="bbox 181 1587 2073 1672; baseline -0.001 -16"><span class='ocrx_word' id='word_1_208' title='bbox 181 1587 187 1596; x_wconf 82' lang='lat'>&#39;</span> <span class='ocrx_word' id='word_1_209' title='bbox 206 1594 335 1656; x_wconf 76' lang='lat' dir='ltr'>Asiatica</span> <span class='ocrx_word' id='word_1_210' title='bbox 352 1596 473 1656; x_wconf 90' lang='lat' dir='ltr'>citatum</span> <span class='ocrx_word' id='word_1_211' title='bbox 491 1600 543 1669; x_wconf 73' lang='lat' dir='ltr'>est</span> <span class='ocrx_word' id='word_1_212' title='bbox 558 1595 692 1656; x_wconf 92' lang='lat' dir='ltr'>alienum</span> <span class='ocrx_word' id='word_1_213' title='bbox 710 1613 774 1656; x_wconf 91' lang='lat' dir='ltr'>non</span> <span class='ocrx_word' id='word_1_214' title='bbox 791 1612 858 1656; x_wconf 80' lang='lat' dir='ltr'>esse</span> <span class='ocrx_word' id='word_1_215' title='bbox 876 1595 1003 1656; x_wconf 88' lang='lat' dir='ltr'>videtur.</span> <span class='ocrx_word' id='word_1_216' title='bbox 1019 1631 1058 1638; x_wconf 92' lang='lat'>—</span> <span class='ocrx_word' id='word_1_217' title='bbox 1079 1594 1165 1655; x_wconf 82' lang='lat' dir='ltr'>Pater</span> <span class='ocrx_word' id='word_1_218' title='bbox 1181 1595 1274 1671; x_wconf 91' lang='lat' dir='ltr'>paulo</span> <span class='ocrx_word' id='word_1_219' title='bbox 1291 1598 1454 1672; x_wconf 89' lang='lat' dir='ltr'>postquam</span> <span class='ocrx_word' id='word_1_220' title='bbox 1472 1612 1489 1655; x_wconf 96' lang='lat' dir='ltr'>e</span> <span class='ocrx_word' id='word_1_221' title='bbox 1506 1595 1663 1671; x_wconf 89' lang='lat' dir='ltr'>provincia</span> <span class='ocrx_word' id='word_1_222' title='bbox 1679 1594 1815 1667; x_wconf 80' lang='lat' dir='ltr'>decessit,</span> <span class='ocrx_word' id='word_1_223' title='bbox 1830 1612 1856 1655; x_wconf 92' lang='lat' dir='ltr'>a.</span> <span class='ocrx_word' id='word_1_224' title='bbox 1874 1594 1938 1655; x_wconf 82' lang='grc'>632</span> <span class='ocrx_word' id='word_1_225' title='bbox 1953 1622 1995 1645; x_wconf 91' lang='lat'>=</span> <span class='ocrx_word' id='word_1_226' title='bbox 2014 1595 2073 1655; x_wconf 88' lang='grc'>122</span> 
     </span>
     <span class='ocr_line' id='line_1_16' title="bbox 205 1682 2075 1762; baseline 0.001 -18"><span class='ocrx_word' id='word_1_227' title='bbox 205 1682 392 1745; x_wconf 89' lang='lat' dir='ltr'>tribunatum</span> <span class='ocrx_word' id='word_1_228' title='bbox 418 1684 516 1761; x_wconf 90' lang='lat' dir='ltr'>plebis</span> <span class='ocrx_word' id='word_1_229' title='bbox 539 1686 633 1762; x_wconf 90' lang='lat' dir='ltr'>gessit</span> <span class='ocrx_word' id='word_1_230' title='bbox 655 1688 684 1746; x_wconf 93' lang='lat' dir='ltr'>el</span> <span class='ocrx_word' id='word_1_231' title='bbox 712 1685 741 1744; x_wconf 91' lang='lat' dir='ltr'>in</span> <span class='ocrx_word' id='word_1_232' title='bbox 767 1701 814 1760; x_wconf 91' lang='lat' dir='ltr'>eo,</span> <span class='ocrx_word' id='word_1_233' title='bbox 845 1684 932 1761; x_wconf 92' lang='lat' dir='ltr'>quod</span> <span class='ocrx_word' id='word_1_234' title='bbox 964 1688 1086 1745; x_wconf 90' lang='lat' dir='ltr'>senatus</span> <span class='ocrx_word' id='word_1_235' title='bbox 1117 1701 1240 1745; x_wconf 88' lang='lat' dir='ltr'>causam</span> <span class='ocrx_word' id='word_1_236' title='bbox 1271 1688 1376 1745; x_wconf 88' lang='lat' dir='ltr'>contra</span> <span class='ocrx_word' id='word_1_237' title='bbox 1407 1683 1442 1746; x_wconf 83' lang='lat' dir='ltr'>C</span> <span class='ocrx_word' id='word_1_238' title='bbox 1462 1682 1640 1744; x_wconf 81' lang='lat' dir='ltr'>Gracchum</span> <span class='ocrx_word' id='word_1_239' title='bbox 1674 1685 1743 1760; x_wconf 91' lang='lat' dir='ltr'>egit,</span> <span class='ocrx_word' id='word_1_240' title='bbox 1775 1700 1874 1760; x_wconf 88' lang='lat' dir='ltr'>aeque</span> <span class='ocrx_word' id='word_1_241' title='bbox 1902 1701 1939 1744; x_wconf 90' lang='lat' dir='ltr'>ac</span> <span class='ocrx_word' id='word_1_242' title='bbox 1968 1688 2075 1761; x_wconf 77' lang='lat' dir='ltr'>postea</span> 
     </span>
     <span class='ocr_line' id='line_1_17' title="bbox 204 1770 2075 1851; baseline 0 -17"><span class='ocrx_word' id='word_1_243' title='bbox 204 1771 288 1834; x_wconf 87' lang='lat' dir='ltr'>iilius</span> <span class='ocrx_word' id='word_1_244' title='bbox 323 1777 470 1851; x_wconf 89' lang='lat' dir='ltr'>patronus</span> <span class='ocrx_word' id='word_1_245' title='bbox 505 1777 627 1834; x_wconf 89' lang='lat' dir='ltr'>senatus</span> <span class='ocrx_word' id='word_1_246' title='bbox 660 1772 830 1851; x_wconf 87' lang='lat' dir='ltr'>appellatus</span> <span class='ocrx_word' id='word_1_247' title='bbox 864 1778 915 1835; x_wconf 86' lang='lat' dir='ltr'>est</span> <span class='ocrx_word' id='word_1_248' title='bbox 964 1774 1008 1834; x_wconf 81' lang='grc' dir='ltr'>Ειι</span> <span class='ocrx_word' id='word_1_249' title='bbox 1043 1775 1203 1834; x_wconf 91' lang='lat' dir='ltr'>consulatu</span> <span class='ocrx_word' id='word_1_250' title='bbox 1237 1791 1262 1834; x_wconf 87' lang='lat' dir='ltr'>a.</span> <span class='ocrx_word' id='word_1_251' title='bbox 1291 1773 1408 1835; x_wconf 80' lang='lat'><strong>642:</strong></span> <span class='ocrx_word' id='word_1_252' title='bbox 1426 1774 1486 1833; x_wconf 87' lang='lat' dir='ltr'>ll2</span> <span class='ocrx_word' id='word_1_253' title='bbox 1518 1776 1606 1850; x_wconf 89' lang='lat' dir='ltr'>gesto</span> <span class='ocrx_word' id='word_1_254' title='bbox 1639 1770 1852 1834; x_wconf 85' lang='lat' dir='ltr'>Macedoniam</span> <span class='ocrx_word' id='word_1_255' title='bbox 1884 1771 2017 1834; x_wconf 88' lang='lat' dir='ltr'>obtinuit</span> <span class='ocrx_word' id='word_1_256' title='bbox 2047 1776 2075 1834; x_wconf 90' lang='grc'>61</span> 
     </span>
     <span class='ocr_line' id='line_1_18' title="bbox 206 1861 1799 1925; baseline -0.001 0"><span class='ocrx_word' id='word_1_257' title='bbox 206 1861 388 1925; x_wconf 84' lang='lat' dir='ltr'>Scordiscos</span> <span class='ocrx_word' id='word_1_258' title='bbox 411 1863 489 1924; x_wconf 85' lang='lat' dir='ltr'>vicit</span> <span class='ocrx_word' id='word_1_259' title='bbox 1792 1861 1799 1873; x_wconf 92' lang='lat'>&#39;</span> 
     </span>
    </p>
   </div>
   <div class='ocr_carea' id='block_1_3' title="bbox 972 2054 1310 2134">
    <p class='ocr_par' dir='ltr' id='par_1_3' title="bbox 972 2054 1310 2134">
     <span class='ocr_line' id='line_1_19' title="bbox 972 2054 1310 2134; baseline 0.003 -1"><span class='ocrx_word' id='word_1_260' title='bbox 972 2055 1026 2134; x_wconf 90' lang='grc' dir='ltr'>Μ.</span> <span class='ocrx_word' id='word_1_261' title='bbox 1053 2054 1199 2133; x_wconf 79' lang='lat' dir='ltr'>Annius</span> <span class='ocrx_word' id='word_1_262' title='bbox 1230 2055 1268 2134; x_wconf 89' lang='grc' dir='ltr'>Ρ.</span> <span class='ocrx_word' id='word_1_263' title='bbox 1285 2056 1310 2134; x_wconf 89' lang='lat' dir='ltr'>i.</span> 
     </span>
    </p>
   </div>
   <div class='ocr_carea' id='block_1_4' title="bbox 205 2183 2076 4856">
    <p class='ocr_par' dir='ltr' id='par_1_4' title="bbox 205 2183 2076 3420">
     <span class='ocr_line' id='line_1_20' title="bbox 368 2183 2075 2262; baseline -0.004 -12"><span class='ocrx_word' id='word_1_264' title='bbox 368 2185 497 2250; x_wconf 84' lang='lat' dir='ltr'>Romani</span> <span class='ocrx_word' id='word_1_265' title='bbox 522 2188 686 2262; x_wconf 90' lang='lat' dir='ltr'>postquam</span> <span class='ocrx_word' id='word_1_266' title='bbox 706 2183 922 2245; x_wconf 85' lang='lat' dir='ltr'>Macedoniam</span> <span class='ocrx_word' id='word_1_267' title='bbox 947 2183 1137 2260; x_wconf 90' lang='lat' dir='ltr'>provinciam</span> <span class='ocrx_word' id='word_1_268' title='bbox 1160 2183 1305 2257; x_wconf 86' lang='lat' dir='ltr'>iecerunt,</span> <span class='ocrx_word' id='word_1_269' title='bbox 1328 2201 1399 2244; x_wconf 93' lang='lat' dir='ltr'>cum</span> <span class='ocrx_word' id='word_1_270' title='bbox 1420 2183 1555 2246; x_wconf 90' lang='lat' dir='ltr'>barbaris</span> <span class='ocrx_word' id='word_1_271' title='bbox 1573 2184 1720 2259; x_wconf 81' lang='lat' dir='ltr'>finitimis,</span> <span class='ocrx_word' id='word_1_272' title='bbox 1745 2189 1904 2246; x_wconf 92' lang='lat' dir='ltr'>uteorum</span> <span class='ocrx_word' id='word_1_273' title='bbox 1925 2183 2075 2245; x_wconf 90' lang='lat' dir='ltr'>incursio·</span> 
     </span>
     <span class='ocr_line' id='line_1_21' title="bbox 206 2271 2074 2352; baseline -0.001 -16"><span class='ocrx_word' id='word_1_274' title='bbox 206 2292 262 2336; x_wconf 89' lang='lat' dir='ltr'>nes</span> <span class='ocrx_word' id='word_1_275' title='bbox 285 2275 507 2352; x_wconf 89' lang='lat' dir='ltr'>propulsarent,</span> <span class='ocrx_word' id='word_1_276' title='bbox 531 2275 654 2350; x_wconf 89' lang='lat' dir='ltr'>saepius</span> <span class='ocrx_word' id='word_1_277' title='bbox 678 2273 804 2349; x_wconf 88' lang='lat' dir='ltr'>proeliis</span> <span class='ocrx_word' id='word_1_278' title='bbox 827 2272 1057 2334; x_wconf 89' lang='lat' dir='ltr'>contenderunt.</span> <span class='ocrx_word' id='word_1_279' title='bbox 1104 2272 1277 2349; x_wconf 84' lang='lat' dir='ltr'>Saevissimi</span> <span class='ocrx_word' id='word_1_280' title='bbox 1307 2275 1449 2334; x_wconf 89' lang='lat' dir='ltr'>omnium</span> <span class='ocrx_word' id='word_1_281' title='bbox 1478 2274 1601 2335; x_wconf 83' lang='lat' dir='ltr'>fuerunt</span> <span class='ocrx_word' id='word_1_282' title='bbox 1624 2273 1776 2335; x_wconf 87' lang='lat' dir='ltr'>Scordisci</span> <span class='ocrx_word' id='word_1_283' title='bbox 1801 2271 1989 2352; x_wconf 74' lang='lat' dir='ltr'>Thraciae3),</span> <span class='ocrx_word' id='word_1_284' title='bbox 2020 2274 2074 2350; x_wconf 92' lang='lat' dir='ltr'>qui</span> 
     </span>
     <span class='ocr_line' id='line_1_22' title="bbox 208 2360 2074 2440; baseline -0.001 -15"><span class='ocrx_word' id='word_1_285' title='bbox 208 2363 279 2425; x_wconf 93' lang='lat' dir='ltr'>inde</span> <span class='ocrx_word' id='word_1_286' title='bbox 301 2381 319 2424; x_wconf 89' lang='lat' dir='ltr'>a</span> <span class='ocrx_word' id='word_1_287' title='bbox 344 2363 444 2424; x_wconf 85' lang='lat' dir='ltr'>Persei</span> <span class='ocrx_word' id='word_1_288' title='bbox 475 2364 556 2439; x_wconf 91' lang='lat' dir='ltr'>regis</span> <span class='ocrx_word' id='word_1_289' title='bbox 585 2362 778 2440; x_wconf 90' lang='lat' dir='ltr'>temporibus</span> <span class='ocrx_word' id='word_1_290' title='bbox 805 2361 963 2423; x_wconf 85' lang='lat' dir='ltr'>Thraciam</span> <span class='ocrx_word' id='word_1_291' title='bbox 989 2365 1017 2422; x_wconf 92' lang='lat' dir='ltr'>et</span> <span class='ocrx_word' id='word_1_292' title='bbox 1041 2360 1255 2423; x_wconf 86' lang='lat' dir='ltr'>Macedoniam</span> <span class='ocrx_word' id='word_1_293' title='bbox 1287 2362 1370 2423; x_wconf 92' lang='lat' dir='ltr'>bello</span> <span class='ocrx_word' id='word_1_294' title='bbox 1401 2363 1628 2440; x_wconf 87' lang='lat' dir='ltr'>latrociniisque</span> <span class='ocrx_word' id='word_1_295' title='bbox 1658 2380 1765 2423; x_wconf 89' lang='lat' dir='ltr'>vexare</span> <span class='ocrx_word' id='word_1_296' title='bbox 1796 2380 1860 2423; x_wconf 90' lang='lat' dir='ltr'>non</span> <span class='ocrx_word' id='word_1_297' title='bbox 1891 2361 2074 2423; x_wconf 82' lang='lat' dir='ltr'>destiterunt</span> 
     </span>
     <span class='ocr_line' id='line_1_23' title="bbox 208 2450 2073 2528; baseline -0.002 -14"><span class='ocrx_word' id='word_1_298' title='bbox 208 2453 317 2515; x_wconf 87' lang='lat' dir='ltr'>Postea</span> <span class='ocrx_word' id='word_1_299' title='bbox 341 2456 423 2513; x_wconf 90' lang='lat' dir='ltr'>mota</span> <span class='ocrx_word' id='word_1_300' title='bbox 453 2455 635 2513; x_wconf 84' lang='lat' dir='ltr'>suntarma</span> <span class='ocrx_word' id='word_1_301' title='bbox 664 2453 694 2512; x_wconf 89' lang='lat' dir='ltr'>in</span> <span class='ocrx_word' id='word_1_302' title='bbox 725 2451 783 2512; x_wconf 91' lang='lat' dir='ltr'>illis</span> <span class='ocrx_word' id='word_1_303' title='bbox 812 2450 992 2528; x_wconf 91' lang='lat' dir='ltr'>regionibus</span> <span class='ocrx_word' id='word_1_304' title='bbox 1015 2469 1033 2512; x_wconf 94' lang='lat' dir='ltr'>a</span> <span class='ocrx_word' id='word_1_305' title='bbox 1057 2451 1200 2513; x_wconf 90' lang='lat' dir='ltr'>Cimbris.</span> <span class='ocrx_word' id='word_1_306' title='bbox 1248 2451 1430 2527; x_wconf 84' lang='lat' dir='ltr'>Priusquam</span> <span class='ocrx_word' id='word_1_307' title='bbox 1462 2452 1544 2513; x_wconf 91' lang='lat' dir='ltr'>enim</span> <span class='ocrx_word' id='word_1_308' title='bbox 1578 2470 1603 2512; x_wconf 93' lang='lat' dir='ltr'>a.</span> <span class='ocrx_word' id='word_1_309' title='bbox 1630 2452 1689 2513; x_wconf 81' lang='grc'>611</span> <span class='ocrx_word' id='word_1_310' title='bbox 1708 2479 1749 2502; x_wconf 91' lang='lat'><strong><em>=</em></strong></span> <span class='ocrx_word' id='word_1_311' title='bbox 1768 2453 1827 2513; x_wconf 89' lang='lat' dir='ltr'>ll3</span> <span class='ocrx_word' id='word_1_312' title='bbox 1858 2451 1897 2512; x_wconf 88' lang='lat' dir='ltr'>ad</span> <span class='ocrx_word' id='word_1_313' title='bbox 1927 2451 2073 2512; x_wconf 89' lang='lat' dir='ltr'>Noreiam</span> 
     </span>
     <span class='ocr_line' id='line_1_24' title="bbox 207 2539 2074 2619; baseline -0.001 -17"><span class='ocrx_word' id='word_1_314' title='bbox 207 2543 342 2619; x_wconf 92' lang='lat' dir='ltr'>primum</span> <span class='ocrx_word' id='word_1_315' title='bbox 371 2559 442 2602; x_wconf 91' lang='lat' dir='ltr'>cum</span> <span class='ocrx_word' id='word_1_316' title='bbox 468 2541 616 2606; x_wconf 83' lang='lat' dir='ltr'>Romanis</span> <span class='ocrx_word' id='word_1_317' title='bbox 647 2541 804 2618; x_wconf 77' lang='lat' dir='ltr'>congressi</span> <span class='ocrx_word' id='word_1_318' title='bbox 838 2544 917 2614; x_wconf 90' lang='lat' dir='ltr'>sunt,</span> <span class='ocrx_word' id='word_1_319' title='bbox 951 2558 1081 2618; x_wconf 90' lang='lat' dir='ltr'>magnae</span> <span class='ocrx_word' id='word_1_320' title='bbox 1113 2557 1221 2600; x_wconf 87' lang='lat' dir='ltr'>eorum</span> <span class='ocrx_word' id='word_1_321' title='bbox 1254 2558 1363 2601; x_wconf 90' lang='lat' dir='ltr'>manus</span> <span class='ocrx_word' id='word_1_322' title='bbox 1396 2542 1638 2618; x_wconf 91' lang='lat' dir='ltr'>populabundae</span> <span class='ocrx_word' id='word_1_323' title='bbox 1669 2542 1698 2601; x_wconf 90' lang='lat' dir='ltr'>in</span> <span class='ocrx_word' id='word_1_324' title='bbox 1731 2541 1964 2603; x_wconf 90' lang='lat' dir='ltr'>Scordiscorum</span> <span class='ocrx_word' id='word_1_325' title='bbox 1995 2539 2074 2600; x_wconf 83' lang='lat' dir='ltr'>fines</span> 
     </span>
     <span class='ocr_line' id='line_1_25' title="bbox 207 2628 2072 2708; baseline -0.002 -17"><span class='ocrx_word' id='word_1_326' title='bbox 207 2631 388 2692; x_wconf 88' lang='lat' dir='ltr'>invaserunt.</span> <span class='ocrx_word' id='word_1_327' title='bbox 442 2629 557 2691; x_wconf 77' lang='lat' dir='ltr'>Eadem</span> <span class='ocrx_word' id='word_1_328' title='bbox 593 2633 687 2691; x_wconf 91' lang='lat' dir='ltr'>aetate</span> <span class='ocrx_word' id='word_1_329' title='bbox 719 2629 885 2703; x_wconf 91' lang='lat' dir='ltr'>Scordisci,</span> <span class='ocrx_word' id='word_1_330' title='bbox 922 2630 1037 2706; x_wconf 93' lang='lat' dir='ltr'>quibus</span> <span class='ocrx_word' id='word_1_331' title='bbox 1075 2628 1201 2690; x_wconf 85' lang='lat' dir='ltr'>tortasse</span> <span class='ocrx_word' id='word_1_332' title='bbox 1239 2629 1439 2693; x_wconf 88' lang='lat' dir='ltr'>Cimbrorum</span> <span class='ocrx_word' id='word_1_333' title='bbox 1479 2647 1608 2707; x_wconf 92' lang='lat' dir='ltr'>quoque</span> <span class='ocrx_word' id='word_1_334' title='bbox 1647 2631 1755 2708; x_wconf 90' lang='lat' dir='ltr'>copiae</span> <span class='ocrx_word' id='word_1_335' title='bbox 1795 2647 1828 2690; x_wconf 86' lang='lat' dir='ltr'>se</span> <span class='ocrx_word' id='word_1_336' title='bbox 1864 2628 2072 2702; x_wconf 88' lang='lat' dir='ltr'>adiunxerant,</span> 
     </span>
     <span class='ocr_line' id='line_1_26' title="bbox 208 2718 2074 2796; baseline -0.001 -16"><span class='ocrx_word' id='word_1_337' title='bbox 208 2721 238 2780; x_wconf 92' lang='lat' dir='ltr'>in</span> <span class='ocrx_word' id='word_1_338' title='bbox 264 2719 479 2781; x_wconf 81' lang='lat' dir='ltr'>Macedoniam</span> <span class='ocrx_word' id='word_1_339' title='bbox 504 2719 652 2796; x_wconf 93' lang='lat' dir='ltr'>impetum</span> <span class='ocrx_word' id='word_1_340' title='bbox 676 2718 827 2790; x_wconf 86' lang='lat' dir='ltr'>iecerunt;</span> <span class='ocrx_word' id='word_1_341' title='bbox 849 2719 958 2794; x_wconf 80' lang='lat' dir='ltr'>aniius,</span> <span class='ocrx_word' id='word_1_342' title='bbox 983 2735 1048 2796; x_wconf 95' lang='lat' dir='ltr'>quo</span> <span class='ocrx_word' id='word_1_343' title='bbox 1074 2720 1255 2793; x_wconf 90' lang='lat' dir='ltr'>invaserunt,</span> <span class='ocrx_word' id='word_1_344' title='bbox 1283 2718 1339 2780; x_wconf 88' lang='lat' dir='ltr'>tuit</span> <span class='ocrx_word' id='word_1_345' title='bbox 1363 2719 1483 2780; x_wconf 80' lang='lat'><strong>636:</strong></span> <span class='ocrx_word' id='word_1_346' title='bbox 1503 2722 1571 2781; x_wconf 87' lang='grc'>118.</span> <span class='ocrx_word' id='word_1_347' title='bbox 1618 2720 1659 2780; x_wconf 91' lang='grc' dir='ltr'>Μ.</span> <span class='ocrx_word' id='word_1_348' title='bbox 1683 2720 1765 2780; x_wconf 92' lang='lat' dir='ltr'>enim</span> <span class='ocrx_word' id='word_1_349' title='bbox 1796 2718 1916 2780; x_wconf 79' lang='lat' dir='ltr'>Annius</span> <span class='ocrx_word' id='word_1_350' title='bbox 1945 2718 1988 2778; x_wconf 95' lang='lat' dir='ltr'>ob</span> <span class='ocrx_word' id='word_1_351' title='bbox 2017 2734 2074 2792; x_wconf 88' lang='lat' dir='ltr'>res,</span> 
     </span>
     <span class='ocr_line' id='line_1_27' title="bbox 206 2806 2076 2887; baseline -0.002 -17"><span class='ocrx_word' id='word_1_352' title='bbox 206 2826 283 2887; x_wconf 90' lang='lat' dir='ltr'>quas</span> <span class='ocrx_word' id='word_1_353' title='bbox 306 2813 371 2870; x_wconf 92' lang='lat' dir='ltr'>tum</span> <span class='ocrx_word' id='word_1_354' title='bbox 400 2812 544 2886; x_wconf 90' lang='lat' dir='ltr'>quaestor</span> <span class='ocrx_word' id='word_1_355' title='bbox 571 2825 718 2887; x_wconf 89' lang='lat' dir='ltr'>prospere</span> <span class='ocrx_word' id='word_1_356' title='bbox 747 2811 849 2886; x_wconf 79' lang='lat' dir='ltr'>gessit,</span> <span class='ocrx_word' id='word_1_357' title='bbox 871 2827 889 2869; x_wconf 93' lang='lat' dir='ltr'>a</span> <span class='ocrx_word' id='word_1_358' title='bbox 912 2813 1017 2869; x_wconf 91' lang='lat' dir='ltr'>senatu</span> <span class='ocrx_word' id='word_1_359' title='bbox 1047 2808 1226 2884; x_wconf 89' lang='lat' dir='ltr'>civitateque</span> <span class='ocrx_word' id='word_1_360' title='bbox 1250 2808 1366 2870; x_wconf 81' lang='lat' dir='ltr'>leiensi</span> <span class='ocrx_word' id='word_1_361' title='bbox 1396 2809 1527 2870; x_wconf 92' lang='lat' dir='ltr'>summis</span> <span class='ocrx_word' id='word_1_362' title='bbox 1556 2808 1698 2869; x_wconf 92' lang='lat' dir='ltr'>laudibus</span> <span class='ocrx_word' id='word_1_363' title='bbox 1726 2808 1822 2869; x_wconf 87' lang='lat' dir='ltr'>elatus</span> <span class='ocrx_word' id='word_1_364' title='bbox 1849 2810 1901 2868; x_wconf 89' lang='lat' dir='ltr'>esi.</span> <span class='ocrx_word' id='word_1_365' title='bbox 1946 2806 2076 2881; x_wconf 86' lang='lat' dir='ltr'>Titulus,</span> 
     </span>
     <span class='ocr_line' id='line_1_28' title="bbox 206 2895 2076 2976; baseline -0.001 -17"><span class='ocrx_word' id='word_1_366' title='bbox 206 2898 260 2976; x_wconf 91' lang='lat' dir='ltr'>qui</span> <span class='ocrx_word' id='word_1_367' title='bbox 280 2916 319 2960; x_wconf 94' lang='lat' dir='ltr'>eo</span> <span class='ocrx_word' id='word_1_368' title='bbox 336 2899 504 2976; x_wconf 87' lang='lat' dir='ltr'>pertinebat</span> <span class='ocrx_word' id='word_1_369' title='bbox 519 2903 548 2958; x_wconf 88' lang='lat' dir='ltr'>et</span> <span class='ocrx_word' id='word_1_370' title='bbox 564 2898 594 2958; x_wconf 89' lang='lat' dir='ltr'>in</span> <span class='ocrx_word' id='word_1_371' title='bbox 611 2902 725 2958; x_wconf 89' lang='lat' dir='ltr'>statuae</span> <span class='ocrx_word' id='word_1_372' title='bbox 741 2898 804 2958; x_wconf 89' lang='lat' dir='ltr'>basi</span> <span class='ocrx_word' id='word_1_373' title='bbox 826 2898 989 2974; x_wconf 83' lang='lat' dir='ltr'>inscriptus</span> <span class='ocrx_word' id='word_1_374' title='bbox 1005 2897 1170 2974; x_wconf 90' lang='lat' dir='ltr'>legebatur,</span> <span class='ocrx_word' id='word_1_375' title='bbox 1194 2914 1293 2974; x_wconf 91' lang='lat' dir='ltr'>nuper</span> <span class='ocrx_word' id='word_1_376' title='bbox 1308 2898 1339 2958; x_wconf 85' lang='grc' dir='ltr'>ιἰι</span> <span class='ocrx_word' id='word_1_377' title='bbox 1357 2897 1418 2959; x_wconf 85' lang='lat' dir='ltr'>vico</span> <span class='ocrx_word' id='word_1_378' title='bbox 1433 2897 1541 2959; x_wconf 83' lang='lat' dir='ltr'>Ai&#39;vuti</span> <span class='ocrx_word' id='word_1_379' title='bbox 1561 2903 1709 2975; x_wconf 80' lang='lat' dir='ltr'>quattuor</span> <span class='ocrx_word' id='word_1_380' title='bbox 1720 2897 1787 2975; x_wconf 82' lang='lat' dir='ltr'>sere</span> <span class='ocrx_word' id='word_1_381' title='bbox 1808 2897 1952 2958; x_wconf 82' lang='lat' dir='ltr'>horarum</span> <span class='ocrx_word' id='word_1_382' title='bbox 1974 2895 2076 2974; x_wconf 76' lang='lat' dir='ltr'>spatio</span> 
     </span>
     <span class='ocr_line' id='line_1_29' title="bbox 206 2985 2075 3064; baseline -0.003 -15"><span class='ocrx_word' id='word_1_383' title='bbox 206 3006 227 3049; x_wconf 92' lang='grc' dir='ltr'><em>α</em></span> <span class='ocrx_word' id='word_1_384' title='bbox 255 2987 465 3049; x_wconf 77' lang='lat' dir='ltr'>Thessalonica</span> <span class='ocrx_word' id='word_1_385' title='bbox 487 2987 716 3064; x_wconf 78' lang='lat' dir='ltr'>septentrionem</span> <span class='ocrx_word' id='word_1_386' title='bbox 740 3004 840 3047; x_wconf 87' lang='lat' dir='ltr'>versus</span> <span class='ocrx_word' id='word_1_387' title='bbox 863 2987 924 3048; x_wconf 86' lang='lat' dir='ltr'>sito</span> <span class='ocrx_word' id='word_1_388' title='bbox 947 2990 1082 3064; x_wconf 90' lang='lat' dir='ltr'>repertus</span> <span class='ocrx_word' id='word_1_389' title='bbox 1106 2997 1162 3058; x_wconf 64' lang='lat' dir='ltr'>asu</span> <span class='ocrx_word' id='word_1_390' title='bbox 1188 2985 1256 3047; x_wconf 83' lang='lat' dir='ltr'>leta</span> <span class='ocrx_word' id='word_1_391' title='bbox 1280 2987 1478 3064; x_wconf 88' lang='lat' dir='ltr'>oppidulum,</span> <span class='ocrx_word' id='word_1_392' title='bbox 1503 2992 1535 3048; x_wconf 90' lang='lat' dir='ltr'>ul</span> <span class='ocrx_word' id='word_1_393' title='bbox 1558 3005 1575 3047; x_wconf 91' lang='lat' dir='ltr'>e</span> <span class='ocrx_word' id='word_1_394' title='bbox 1598 2986 1851 3064; x_wconf 86' lang='lat' dir='ltr'>geographorum</span> <span class='ocrx_word' id='word_1_395' title='bbox 1875 2987 2075 3061; x_wconf 88' lang='lat' dir='ltr'>antiquorum</span> 
     </span>
     <span class='ocr_line' id='line_1_30' title="bbox 205 3074 2076 3154; baseline -0.002 -17"><span class='ocrx_word' id='word_1_396' title='bbox 205 3077 388 3138; x_wconf 89' lang='lat' dir='ltr'>testimoniis</span> <span class='ocrx_word' id='word_1_397' title='bbox 411 3079 543 3153; x_wconf 88' lang='lat' dir='ltr'>apparet,</span> <span class='ocrx_word' id='word_1_398' title='bbox 568 3075 635 3136; x_wconf 90' lang='lat' dir='ltr'>urbi</span> <span class='ocrx_word' id='word_1_399' title='bbox 660 3076 795 3136; x_wconf 90' lang='lat' dir='ltr'>vicinum</span> <span class='ocrx_word' id='word_1_400' title='bbox 820 3074 884 3136; x_wconf 86' lang='lat' dir='ltr'>luit</span> <span class='ocrx_word' id='word_1_401' title='bbox 932 3075 1039 3136; x_wconf 83' lang='lat' dir='ltr'>Editus</span> <span class='ocrx_word' id='word_1_402' title='bbox 1064 3078 1108 3135; x_wconf 89' lang='lat' dir='ltr'>est</span> <span class='ocrx_word' id='word_1_403' title='bbox 1131 3092 1168 3135; x_wconf 88' lang='lat' dir='ltr'>ex</span> <span class='ocrx_word' id='word_1_404' title='bbox 1191 3082 1300 3154; x_wconf 91' lang='lat' dir='ltr'>ectypo</span> <span class='ocrx_word' id='word_1_405' title='bbox 1323 3093 1341 3136; x_wconf 92' lang='lat' dir='ltr'>a</span> <span class='ocrx_word' id='word_1_406' title='bbox 1365 3076 1396 3137; x_wconf 83' lang='lat' dir='ltr'>l.</span> <span class='ocrx_word' id='word_1_407' title='bbox 1417 3075 1582 3137; x_wconf 90' lang='lat' dir='ltr'>Duchesne</span> <span class='ocrx_word' id='word_1_408' title='bbox 1607 3076 1677 3139; x_wconf 84' lang='lat' dir='ltr'>Rev.</span> <span class='ocrx_word' id='word_1_409' title='bbox 1695 3074 1827 3136; x_wconf 79' lang='lat' dir='ltr'>archeol.</span> <span class='ocrx_word' id='word_1_410' title='bbox 1847 3074 1945 3136; x_wconf 81' lang='lat' dir='ltr'>xxix</span> <span class='ocrx_word' id='word_1_411' title='bbox 1966 3075 2076 3152; x_wconf 83' lang='lat'><strong>(1875)</strong></span> 
     </span>
     <span class='ocr_line' id='line_1_31' title="bbox 208 3163 2076 3242; baseline -0.001 -16"><span class='ocrx_word' id='word_1_412' title='bbox 208 3183 236 3242; x_wconf 91' lang='lat' dir='ltr'>p.</span> <span class='ocrx_word' id='word_1_413' title='bbox 262 3165 281 3226; x_wconf 93' lang='grc'>6</span> <span class='ocrx_word' id='word_1_414' title='bbox 305 3182 378 3242; x_wconf 90' lang='lat' dir='ltr'>sqq;</span> <span class='ocrx_word' id='word_1_415' title='bbox 406 3164 443 3225; x_wconf 91' lang='lat' dir='ltr'>cl.</span> <span class='ocrx_word' id='word_1_416' title='bbox 473 3164 505 3225; x_wconf 85' lang='grc' dir='ltr'>Ε.</span> <span class='ocrx_word' id='word_1_417' title='bbox 531 3164 631 3225; x_wconf 87' lang='lat' dir='ltr'>Miller</span> <span class='ocrx_word' id='word_1_418' title='bbox 663 3164 702 3226; x_wconf 95' lang='lat' dir='ltr'>ib.</span> <span class='ocrx_word' id='word_1_419' title='bbox 734 3182 762 3241; x_wconf 91' lang='lat' dir='ltr'>p.</span> <span class='ocrx_word' id='word_1_420' title='bbox 802 3164 862 3225; x_wconf 86' lang='grc'>176</span> <span class='ocrx_word' id='word_1_421' title='bbox 894 3182 966 3241; x_wconf 90' lang='lat' dir='ltr'>sqq;</span> <span class='ocrx_word' id='word_1_422' title='bbox 1000 3163 1213 3241; x_wconf 88' lang='lat' dir='ltr'>Diltenberger</span> <span class='ocrx_word' id='word_1_423' title='bbox 1240 3164 1311 3242; x_wconf 92' lang='lat' dir='ltr'>Syll.</span> <span class='ocrx_word' id='word_1_424' title='bbox 1341 3166 1428 3225; x_wconf 92' lang='lat' dir='ltr'>inscr.</span> <span class='ocrx_word' id='word_1_425' title='bbox 1457 3165 1533 3227; x_wconf 79' lang='lat' dir='ltr'>Gr.²</span> <span class='ocrx_word' id='word_1_426' title='bbox 1562 3184 1590 3226; x_wconf 90' lang='lat' dir='ltr'>n.</span> <span class='ocrx_word' id='word_1_427' title='bbox 1621 3166 1698 3238; x_wconf 81' lang='lat' dir='ltr'>3l8;</span> <span class='ocrx_word' id='word_1_428' title='bbox 1727 3163 1766 3226; x_wconf 88' lang='lat' dir='ltr'>G.</span> <span class='ocrx_word' id='word_1_429' title='bbox 1796 3163 1906 3241; x_wconf 91' lang='lat' dir='ltr'>Zippel</span> <span class='ocrx_word' id='word_1_430' title='bbox 1935 3163 1973 3224; x_wconf 93' lang='lat' dir='ltr'>D.</span> <span class='ocrx_word' id='word_1_431' title='bbox 1996 3164 2076 3224; x_wconf 85' lang='grc' dir='ltr'><em>ιόιο.</em></span> 
     </span>
     <span class='ocr_line' id='line_1_32' title="bbox 208 3250 2076 3332; baseline -0.002 -17"><span class='ocrx_word' id='word_1_432' title='bbox 208 3253 350 3315; x_wconf 84' lang='lat' dir='ltr'>llerrsch.</span> <span class='ocrx_word' id='word_1_433' title='bbox 382 3256 412 3314; x_wconf 92' lang='lat' dir='ltr'>in</span> <span class='ocrx_word' id='word_1_434' title='bbox 444 3253 561 3331; x_wconf 88' lang='lat' dir='ltr'>lllyrien</span> <span class='ocrx_word' id='word_1_435' title='bbox 591 3254 729 3331; x_wconf 81' lang='lat' dir='ltr'>(Leipzig</span> <span class='ocrx_word' id='word_1_436' title='bbox 759 3255 854 3331; x_wconf 83' lang='lat'><strong>1877)</strong></span> <span class='ocrx_word' id='word_1_437' title='bbox 884 3271 913 3330; x_wconf 91' lang='lat' dir='ltr'>p.</span> <span class='ocrx_word' id='word_1_438' title='bbox 937 3256 996 3315; x_wconf 77' lang='lat'>142</span> <span class='ocrx_word' id='word_1_439' title='bbox 1027 3270 1096 3329; x_wconf 91' lang='lat' dir='ltr'>sqq.</span> <span class='ocrx_word' id='word_1_440' title='bbox 1134 3251 1226 3330; x_wconf 79' lang='lat' dir='ltr'>Apud</span> <span class='ocrx_word' id='word_1_441' title='bbox 1256 3254 1445 3332; x_wconf 89' lang='lat' dir='ltr'>Zippelium,</span> <span class='ocrx_word' id='word_1_442' title='bbox 1481 3272 1574 3331; x_wconf 90' lang='lat' dir='ltr'>quem</span> <span class='ocrx_word' id='word_1_443' title='bbox 1606 3271 1734 3331; x_wconf 90' lang='lat' dir='ltr'>sequor,</span> <span class='ocrx_word' id='word_1_444' title='bbox 1766 3253 1849 3314; x_wconf 90' lang='lat' dir='ltr'>hunc</span> <span class='ocrx_word' id='word_1_445' title='bbox 1880 3254 1909 3314; x_wconf 90' lang='lat' dir='ltr'>in</span> <span class='ocrx_word' id='word_1_446' title='bbox 1944 3250 2076 3314; x_wconf 91' lang='lat' dir='ltr'>modum</span> 
     </span>
     <span class='ocr_line' id='line_1_33' title="bbox 207 3344 524 3420; baseline -0.009 -15"><span class='ocrx_word' id='word_1_447' title='bbox 207 3347 379 3405; x_wconf 88' lang='lat' dir='ltr'>contractus</span> <span class='ocrx_word' id='word_1_448' title='bbox 403 3344 524 3420; x_wconf 91' lang='lat' dir='ltr'>legitur:</span> 
     </span>
    </p>

    <p class='ocr_par' dir='ltr' id='par_1_5' title="bbox 413 3451 852 3521">
     <span class='ocr_line' id='line_1_34' title="bbox 413 3451 852 3521; baseline -0.007 -16"><span class='ocrx_word' id='word_1_449' title='bbox 413 3451 517 3511; x_wconf 74' lang='grc' dir='ltr'><em>’Ἕτους</em></span> <span class='ocrx_word' id='word_1_450' title='bbox 534 3451 561 3501; x_wconf 74' lang='lat' dir='ltr'>ri&#39;</span> <span class='ocrx_word' id='word_1_451' title='bbox 582 3454 623 3503; x_wconf 80' lang='lat' dir='ltr'>iuri</span> <span class='ocrx_word' id='word_1_452' title='bbox 641 3454 661 3503; x_wconf 80' lang='grc' dir='ltr'>κ’</span> <span class='ocrx_word' id='word_1_453' title='bbox 684 3451 804 3521; x_wconf 80' lang='grc' dir='ltr'><em>ΙΙανήμου</em></span> <span class='ocrx_word' id='word_1_454' title='bbox 822 3455 852 3503; x_wconf 78' lang='grc' dir='ltr'>κ’.</span> 
     </span>
    </p>

    <p class='ocr_par' dir='ltr' id='par_1_6' title="bbox 412 3546 986 3616">
     <span class='ocr_line' id='line_1_35' title="bbox 412 3546 986 3616; baseline -0.003 -16"><span class='ocrx_word' id='word_1_455' title='bbox 412 3546 529 3616; x_wconf 76' lang='grc' dir='ltr'><em>Ληταίων</em></span> <span class='ocrx_word' id='word_1_456' title='bbox 546 3548 570 3598; x_wconf 80' lang='lat' dir='ltr'>ot</span> <span class='ocrx_word' id='word_1_457' title='bbox 587 3548 741 3616; x_wconf 76' lang='grc' dir='ltr'><em>πολιτάρχαι</em></span> <span class='ocrx_word' id='word_1_458' title='bbox 758 3548 986 3616; x_wconf 77' lang='grc' dir='ltr'><em>προβουλευσαμέ-</em></span> 
     </span>
    </p>

    <p class='ocr_par' dir='ltr' id='par_1_7' title="bbox 412 3639 1205 3708">
     <span class='ocr_line' id='line_1_36' title="bbox 412 3639 1205 3708; baseline -0.004 -15"><span class='ocrx_word' id='word_1_459' title='bbox 412 3663 460 3695; x_wconf 90' lang='grc' dir='ltr'>νων</span> <span class='ocrx_word' id='word_1_460' title='bbox 478 3649 528 3696; x_wconf 91' lang='grc' dir='ltr'><em>τῶν</em></span> <span class='ocrx_word' id='word_1_461' title='bbox 546 3644 695 3708; x_wconf 79' lang='grc' dir='ltr'><em>βουλευτῶν</em></span> <span class='ocrx_word' id='word_1_462' title='bbox 713 3641 786 3693; x_wconf 85' lang='grc' dir='ltr'><em>εἶπαν</em></span> <span class='ocrx_word' id='word_1_463' title='bbox 805 3661 809 3671; x_wconf 92' lang='grc'><em>·</em></span> <span class='ocrx_word' id='word_1_464' title='bbox 830 3643 884 3693; x_wconf 80' lang='grc' dir='ltr'><em>ἐπεὶ</em></span> <span class='ocrx_word' id='word_1_465' title='bbox 904 3640 1026 3707; x_wconf 78' lang='grc' dir='ltr'><em>όόάαριος</em></span> <span class='ocrx_word' id='word_1_466' title='bbox 1045 3642 1141 3700; x_wconf 67' lang='grc' dir='ltr'><em>’Ἀννιος</em></span> <span class='ocrx_word' id='word_1_467' title='bbox 1160 3639 1205 3692; x_wconf 85' lang='lat' dir='ltr'>lto-</span> 
     </span>
    </p>

    <p class='ocr_par' dir='ltr' id='par_1_8' title="bbox 418 3738 1219 3806">
     <span class='ocr_line' id='line_1_37' title="bbox 418 3738 1219 3806; baseline -0.001 -17"><span class='ocrx_word' id='word_1_468' title='bbox 418 3739 492 3790; x_wconf 82' lang='lat' dir='ltr'>niiou</span> <span class='ocrx_word' id='word_1_469' title='bbox 510 3739 570 3800; x_wconf 81' lang='grc' dir='ltr'><em>υἱὸς,</em></span> <span class='ocrx_word' id='word_1_470' title='bbox 589 3740 652 3806; x_wconf 73' lang='grc' dir='ltr'><em>ἀνὴρ</em></span> <span class='ocrx_word' id='word_1_471' title='bbox 670 3738 749 3796; x_wconf 80' lang='grc' dir='ltr'><em>καλὸς</em></span> <span class='ocrx_word' id='word_1_472' title='bbox 765 3739 807 3788; x_wconf 77' lang='grc' dir='ltr'><em>καὶ</em></span> <span class='ocrx_word' id='word_1_473' title='bbox 825 3739 934 3804; x_wconf 70' lang='grc' dir='ltr'><em>ἀγαθός,</em></span> <span class='ocrx_word' id='word_1_474' title='bbox 953 3739 1109 3796; x_wconf 77' lang='grc' dir='ltr'><em>ἀποσταλείς</em></span> <span class='ocrx_word' id='word_1_475' title='bbox 1126 3740 1219 3802; x_wconf 84' lang='grc' dir='ltr'><em>ταμίας</em></span> 
     </span>
    </p>

    <p class='ocr_par' dir='ltr' id='par_1_9' title="bbox 412 3830 1462 4095">
     <span class='ocr_line' id='line_1_38' title="bbox 415 3830 1345 3903; baseline -0.004 -17"><span class='ocrx_word' id='word_1_476' title='bbox 415 3834 463 3886; x_wconf 79' lang='grc' dir='ltr'>ὑπὸ</span> <span class='ocrx_word' id='word_1_477' title='bbox 480 3839 526 3886; x_wconf 81' lang='grc' dir='ltr'><em>τοῦ</em></span> <span class='ocrx_word' id='word_1_478' title='bbox 544 3835 627 3903; x_wconf 70' lang='grc' dir='ltr'><em>δήμου</em></span> <span class='ocrx_word' id='word_1_479' title='bbox 646 3838 691 3885; x_wconf 90' lang='grc' dir='ltr'><em>τοῦ</em></span> <span class='ocrx_word' id='word_1_480' title='bbox 706 3830 845 3895; x_wconf 71' lang='grc' dir='ltr'><em>Ῥωμαίων</em></span> <span class='ocrx_word' id='word_1_481' title='bbox 863 3833 903 3884; x_wconf 76' lang='grc' dir='ltr'>ἐπὶ</span> <span class='ocrx_word' id='word_1_482' title='bbox 922 3832 952 3884; x_wconf 83' lang='grc' dir='ltr'><em>τὰ</em></span> <span class='ocrx_word' id='word_1_483' title='bbox 970 3833 1034 3885; x_wconf 74' lang='grc' dir='ltr'><em>κατὰ</em></span> <span class='ocrx_word' id='word_1_484' title='bbox 1053 3831 1211 3886; x_wconf 74' lang='grc' dir='ltr'><em>Μακεδονίαν</em></span> <span class='ocrx_word' id='word_1_485' title='bbox 1228 3834 1345 3900; x_wconf 73' lang='grc' dir='ltr'><em>πρόγιια·</em></span> 
     </span>
     <span class='ocr_line' id='line_1_39' title="bbox 412 3949 1462 3982; baseline -0.002 -1"><span class='ocrx_word' id='word_1_486' title='bbox 412 3949 444 3982; x_wconf 71' lang='grc' dir='ltr'>τα</span> <span class='ocrx_word' id='word_1_487' title='bbox 470 3967 1462 3982; x_wconf 78' lang='grc'>........................</span> 
     </span>
     <span class='ocr_line' id='line_1_40' title="bbox 415 4021 1055 4095; baseline -0.003 -19"><span class='ocrx_word' id='word_1_488' title='bbox 415 4027 441 4077; x_wconf 79' lang='grc' dir='ltr'>ἐν</span> <span class='ocrx_word' id='word_1_489' title='bbox 455 4025 485 4076; x_wconf 85' lang='grc' dir='ltr'>δὲ</span> <span class='ocrx_word' id='word_1_490' title='bbox 503 4030 543 4095; x_wconf 83' lang='grc' dir='ltr'><em>τῷ</em></span> <span class='ocrx_word' id='word_1_491' title='bbox 560 4024 663 4092; x_wconf 75' lang='grc' dir='ltr'><em>παρόντι</em></span> <span class='ocrx_word' id='word_1_492' title='bbox 681 4027 768 4093; x_wconf 74' lang='grc' dir='ltr'><em>καιρῷ</em></span> <span class='ocrx_word' id='word_1_493' title='bbox 782 4023 823 4073; x_wconf 75' lang='grc' dir='ltr'><em>καὶ</em></span> <span class='ocrx_word' id='word_1_494' title='bbox 841 4027 887 4074; x_wconf 76' lang='grc' dir='ltr'><em>τοῦ</em></span> <span class='ocrx_word' id='word_1_495' title='bbox 905 4028 956 4074; x_wconf 88' lang='grc' dir='ltr'><em>τῶν</em></span> <span class='ocrx_word' id='word_1_496' title='bbox 974 4021 1055 4075; x_wconf 77' lang='grc' dir='ltr'><em>Γαλα-</em></span> 
     </span>
    </p>

    <p class='ocr_par' dir='ltr' id='par_1_10' title="bbox 418 4118 1290 4187">
     <span class='ocr_line' id='line_1_41' title="bbox 418 4118 1290 4187; baseline -0.002 -15"><span class='ocrx_word' id='word_1_497' title='bbox 418 4126 467 4172; x_wconf 90' lang='grc' dir='ltr'><em>τῶν</em></span> <span class='ocrx_word' id='word_1_498' title='bbox 485 4120 580 4178; x_wconf 58' lang='lat' dir='ltr'>totove</span> <span class='ocrx_word' id='word_1_499' title='bbox 597 4120 777 4187; x_wconf 71' lang='grc' dir='ltr'><em>συναχθέντος</em></span> <span class='ocrx_word' id='word_1_500' title='bbox 794 4119 834 4169; x_wconf 85' lang='grc' dir='ltr'><em>ναὶ</em></span> <span class='ocrx_word' id='word_1_501' title='bbox 852 4120 1100 4186; x_wconf 73' lang='grc' dir='ltr'><em>ἐπιστρατεύσαντος</em></span> <span class='ocrx_word' id='word_1_502' title='bbox 1116 4118 1154 4177; x_wconf 71' lang='grc' dir='ltr'>εἷς</span> <span class='ocrx_word' id='word_1_503' title='bbox 1171 4119 1232 4178; x_wconf 78' lang='grc' dir='ltr'><em>τοὺς</em></span> <span class='ocrx_word' id='word_1_504' title='bbox 1249 4138 1290 4170; x_wconf 81' lang='grc' dir='ltr'><em>κα-</em></span> 
     </span>
    </p>

    <p class='ocr_par' dir='ltr' id='par_1_11' title="bbox 412 4213 1391 4856">
     <span class='ocr_line' id='line_1_42' title="bbox 412 4213 1357 4283; baseline -0.004 -17"><span class='ocrx_word' id='word_1_505' title='bbox 412 4215 445 4267; x_wconf 87' lang='grc' dir='ltr'><em>τὰ</em></span> <span class='ocrx_word' id='word_1_506' title='bbox 461 4215 559 4283; x_wconf 65' lang='grc' dir='ltr'><em>’Ἄργος</em></span> <span class='ocrx_word' id='word_1_507' title='bbox 576 4216 670 4273; x_wconf 78' lang='grc' dir='ltr'><em>τόπους</em></span> <span class='ocrx_word' id='word_1_508' title='bbox 686 4215 856 4281; x_wconf 77' lang='grc' dir='ltr'><em>στρατοπέδω</em></span> <span class='ocrx_word' id='word_1_509' title='bbox 873 4215 977 4276; x_wconf 71' lang='grc' dir='ltr'><em>μείζονι,</em></span> <span class='ocrx_word' id='word_1_510' title='bbox 996 4214 1037 4281; x_wconf 81' lang='grc' dir='ltr'>ἐφ’</span> <span class='ocrx_word' id='word_1_511' title='bbox 1056 4215 1103 4273; x_wconf 82' lang='grc' dir='ltr'>οὓς</span> <span class='ocrx_word' id='word_1_512' title='bbox 1120 4216 1160 4265; x_wconf 78' lang='grc' dir='ltr'><em>καὶ</em></span> <span class='ocrx_word' id='word_1_513' title='bbox 1178 4213 1357 4283; x_wconf 73' lang='grc' dir='ltr'><em>ἐκπορευόέ[ν-</em></span> 
     </span>
     <span class='ocr_line' id='line_1_43' title="bbox 412 4308 1349 4382; baseline -0.005 -19"><span class='ocrx_word' id='word_1_514' title='bbox 412 4310 470 4382; x_wconf 92' lang='grc' dir='ltr'><em>τ]ος</em></span> <span class='ocrx_word' id='word_1_515' title='bbox 487 4308 584 4370; x_wconf 73' lang='grc' dir='ltr'><em>Σεξτοῦ</em></span> <span class='ocrx_word' id='word_1_516' title='bbox 604 4308 738 4378; x_wconf 77' lang='grc' dir='ltr'><em>Πομπηίου</em></span> <span class='ocrx_word' id='word_1_517' title='bbox 755 4315 801 4361; x_wconf 84' lang='grc' dir='ltr'><em>τοῦ</em></span> <span class='ocrx_word' id='word_1_518' title='bbox 820 4316 969 4379; x_wconf 74' lang='grc' dir='ltr'><em>στρατηγοῦ</em></span> <span class='ocrx_word' id='word_1_519' title='bbox 987 4311 1029 4362; x_wconf 78' lang='grc' dir='ltr'><em>καὶ</em></span> <span class='ocrx_word' id='word_1_520' title='bbox 1048 4310 1266 4378; x_wconf 76' lang='grc' dir='ltr'><em>παραταξαμένου</em></span> <span class='ocrx_word' id='word_1_521' title='bbox 1283 4309 1349 4371; x_wconf 85' lang='grc' dir='ltr'><em>μετὰ</em></span> 
     </span>
     <span class='ocr_line' id='line_1_44' title="bbox 417 4403 1391 4477; baseline -0.004 -19"><span class='ocrx_word' id='word_1_522' title='bbox 417 4405 479 4476; x_wconf 90' lang='grc' dir='ltr'><em>τ]ῶν</em></span> <span class='ocrx_word' id='word_1_523' title='bbox 497 4406 567 4457; x_wconf 74' lang='grc' dir='ltr'><em>ῑόίων</em></span> <span class='ocrx_word' id='word_1_524' title='bbox 584 4410 757 4474; x_wconf 71' lang='grc' dir='ltr'><em>στρατιωτῶν,</em></span> <span class='ocrx_word' id='word_1_525' title='bbox 776 4405 803 4455; x_wconf 87' lang='grc' dir='ltr'>ὃν</span> <span class='ocrx_word' id='word_1_526' title='bbox 822 4406 863 4457; x_wconf 75' lang='grc' dir='ltr'><em>καὶ</em></span> <span class='ocrx_word' id='word_1_527' title='bbox 881 4407 1032 4469; x_wconf 70' lang='grc' dir='ltr'><em>συμβάντος</em></span> <span class='ocrx_word' id='word_1_528' title='bbox 1049 4407 1075 4455; x_wconf 73' lang='grc' dir='ltr'>ἐν</span> <span class='ocrx_word' id='word_1_529' title='bbox 1093 4413 1125 4477; x_wconf 72' lang='grc' dir='ltr'><em>τῇ</em></span> <span class='ocrx_word' id='word_1_530' title='bbox 1141 4405 1217 4476; x_wconf 60' lang='lat' dir='ltr'>urim</span> <span class='ocrx_word' id='word_1_531' title='bbox 1232 4403 1391 4470; x_wconf 77' lang='grc' dir='ltr'><em>τελευτῆσαι,</em></span> 
     </span>
     <span class='ocr_line' id='line_1_45' title="bbox 413 4499 1328 4568; baseline -0.004 -15"><span class='ocrx_word' id='word_1_532' title='bbox 413 4501 578 4567; x_wconf 75' lang='grc' dir='ltr'><em>θλιβομένων</em></span> <span class='ocrx_word' id='word_1_533' title='bbox 597 4519 625 4552; x_wconf 87' lang='grc' dir='ltr'><em>τε</em></span> <span class='ocrx_word' id='word_1_534' title='bbox 643 4500 685 4551; x_wconf 85' lang='grc' dir='ltr'><em>διὰ</em></span> <span class='ocrx_word' id='word_1_535' title='bbox 703 4502 746 4567; x_wconf 71' lang='grc' dir='ltr'><em>τὴν</em></span> <span class='ocrx_word' id='word_1_536' title='bbox 764 4500 846 4552; x_wconf 74' lang='grc' dir='ltr'><em>αἰτίαν</em></span> <span class='ocrx_word' id='word_1_537' title='bbox 864 4502 958 4568; x_wconf 72' lang='grc' dir='ltr'><em>ταύτην</em></span> <span class='ocrx_word' id='word_1_538' title='bbox 975 4506 1025 4552; x_wconf 92' lang='grc' dir='ltr'><em>τῶν</em></span> <span class='ocrx_word' id='word_1_539' title='bbox 1044 4505 1210 4564; x_wconf 74' lang='grc' dir='ltr'><em>στρατιωτῶν</em></span> <span class='ocrx_word' id='word_1_540' title='bbox 1227 4499 1328 4559; x_wconf 75' lang='grc' dir='ltr'><em>ἐπεξελ-</em></span> 
     </span>
     <span class='ocr_line' id='line_1_46' title="bbox 414 4594 1361 4665; baseline -0.002 -18"><span class='ocrx_word' id='word_1_541' title='bbox 414 4598 469 4647; x_wconf 73' lang='lat' dir='ltr'>»idn</span> <span class='ocrx_word' id='word_1_542' title='bbox 489 4594 612 4664; x_wconf 77' lang='grc' dir='ltr'><em>Μόαρκος</em></span> <span class='ocrx_word' id='word_1_543' title='bbox 629 4598 644 4647; x_wconf 88' lang='grc' dir='ltr'><strong><em>ὁ</em></strong></span> <span class='ocrx_word' id='word_1_544' title='bbox 662 4597 757 4658; x_wconf 83' lang='grc' dir='ltr'><em>ταμίας</em></span> <span class='ocrx_word' id='word_1_545' title='bbox 774 4595 843 4665; x_wconf 75' lang='grc' dir='ltr'><em>ἔχων</em></span> <span class='ocrx_word' id='word_1_546' title='bbox 853 4597 915 4653; x_wconf 85' lang='grc' dir='ltr'><em>τοὺς</em></span> <span class='ocrx_word' id='word_1_547' title='bbox 932 4596 975 4662; x_wconf 81' lang='grc' dir='ltr'>ὑφ’</span> <span class='ocrx_word' id='word_1_548' title='bbox 994 4596 1083 4647; x_wconf 73' lang='grc' dir='ltr'><em>ἑαοτόν</em></span> <span class='ocrx_word' id='word_1_549' title='bbox 1102 4597 1276 4662; x_wconf 71' lang='grc' dir='ltr'><em>τεταγμένους</em></span> <span class='ocrx_word' id='word_1_550' title='bbox 1293 4595 1361 4662; x_wconf 81' lang='grc' dir='ltr'><em>ἐτρέ·</em></span> 
     </span>
     <span class='ocr_line' id='line_1_47' title="bbox 412 4691 1380 4760; baseline -0.002 -18"><span class='ocrx_word' id='word_1_551' title='bbox 412 4692 494 4760; x_wconf 71' lang='grc' dir='ltr'><em>φ]ατο</em></span> <span class='ocrx_word' id='word_1_552' title='bbox 512 4692 574 4751; x_wconf 81' lang='grc' dir='ltr'><em>τοὺς</em></span> <span class='ocrx_word' id='word_1_553' title='bbox 591 4692 753 4750; x_wconf 82' lang='grc' dir='ltr'><em>ὑπεναντίους</em></span> <span class='ocrx_word' id='word_1_554' title='bbox 768 4693 809 4742; x_wconf 81' lang='grc' dir='ltr'><em>καὶ</em></span> <span class='ocrx_word' id='word_1_555' title='bbox 828 4695 873 4743; x_wconf 79' lang='grc' dir='ltr'><em>τοῦ</em></span> <span class='ocrx_word' id='word_1_556' title='bbox 892 4709 920 4742; x_wconf 89' lang='grc' dir='ltr'><em>τε</em></span> <span class='ocrx_word' id='word_1_557' title='bbox 938 4691 1076 4754; x_wconf 86' lang='grc' dir='ltr'><em>πτῶματος</em></span> <span class='ocrx_word' id='word_1_558' title='bbox 1093 4692 1234 4758; x_wconf 78' lang='grc' dir='ltr'><em>ἐκράτησεν</em></span> <span class='ocrx_word' id='word_1_559' title='bbox 1252 4691 1293 4741; x_wconf 77' lang='grc' dir='ltr'><em>καὶ</em></span> <span class='ocrx_word' id='word_1_560' title='bbox 1311 4691 1380 4759; x_wconf 74' lang='grc' dir='ltr'>πο[).-</span> 
     </span>
     <span class='ocr_line' id='line_1_48' title="bbox 414 4784 1371 4856; baseline -0.002 -18"><span class='ocrx_word' id='word_1_561' title='bbox 414 4788 476 4845; x_wconf 66' lang='lat' dir='ltr'>loire</span> <span class='ocrx_word' id='word_1_562' title='bbox 492 4787 576 4838; x_wconf 81' lang='grc' dir='ltr'><em>αὐτῶν</em></span> <span class='ocrx_word' id='word_1_563' title='bbox 594 4789 746 4848; x_wconf 74' lang='grc' dir='ltr'><em>ἀπέκτεινεν,</em></span> <span class='ocrx_word' id='word_1_564' title='bbox 765 4787 910 4853; x_wconf 70' lang='grc' dir='ltr'><em>ἐκυρίευσεν</em></span> <span class='ocrx_word' id='word_1_565' title='bbox 929 4786 958 4836; x_wconf 79' lang='grc' dir='ltr'>δὲ</span> <span class='ocrx_word' id='word_1_566' title='bbox 977 4786 1018 4837; x_wconf 80' lang='grc' dir='ltr'><em>καὶ</em></span> <span class='ocrx_word' id='word_1_567' title='bbox 1035 4784 1116 4837; x_wconf 75' lang='grc' dir='ltr'><em>ἵππων</em></span> <span class='ocrx_word' id='word_1_568' title='bbox 1134 4787 1175 4836; x_wconf 75' lang='grc' dir='ltr'><em>καὶ</em></span> <span class='ocrx_word' id='word_1_569' title='bbox 1192 4786 1277 4836; x_wconf 72' lang='grc' dir='ltr'><em>ὅπλων</em></span> <span class='ocrx_word' id='word_1_570' title='bbox 1295 4786 1371 4856; x_wconf 53' lang='grc' dir='ltr'><em>πλε[ιυ</em></span> 
     </span>
    </p>
   </div>
   <div class='ocr_carea' id='block_1_5' title="bbox 413 4882 1388 4950">
    <p class='ocr_par' dir='ltr' id='par_1_12' title="bbox 413 4882 1388 4950">
     <span class='ocr_line' id='line_1_49' title="bbox 413 4882 1388 4950; baseline 0.001 -20"><span class='ocrx_word' id='word_1_571' title='bbox 413 4883 485 4944; x_wconf 88' lang='grc' dir='ltr'><em>όνων,</em></span> <span class='ocrx_word' id='word_1_572' title='bbox 504 4888 554 4933; x_wconf 89' lang='grc' dir='ltr'><em>τῶν</em></span> <span class='ocrx_word' id='word_1_573' title='bbox 572 4900 601 4933; x_wconf 89' lang='grc' dir='ltr'><em>τε</em></span> <span class='ocrx_word' id='word_1_574' title='bbox 619 4883 645 4932; x_wconf 79' lang='grc' dir='ltr'>ἐν</span> <span class='ocrx_word' id='word_1_575' title='bbox 663 4886 716 4940; x_wconf 86' lang='grc' dir='ltr'><em>τοῖς</em></span> <span class='ocrx_word' id='word_1_576' title='bbox 735 4882 910 4948; x_wconf 77' lang='grc' dir='ltr'><em>προκειμένοις</em></span> <span class='ocrx_word' id='word_1_577' title='bbox 927 4882 1014 4940; x_wconf 88' lang='grc' dir='ltr'><em>τόποις</em></span> <span class='ocrx_word' id='word_1_578' title='bbox 1031 4887 1152 4950; x_wconf 75' lang='grc' dir='ltr'><em>φρουρῶν</em></span> <span class='ocrx_word' id='word_1_579' title='bbox 1171 4882 1325 4949; x_wconf 68' lang='grc' dir='ltr'><em>προνοηθεὶς</em></span> <span class='ocrx_word' id='word_1_580' title='bbox 1342 4886 1388 4949; x_wconf 79' lang='grc' dir='ltr'><em>τῆς</em></span> 
     </span>
    </p>
   </div>
   <div class='ocr_carea' id='block_1_6' title="bbox 370 5039 1576 5252">
    <p class='ocr_par' dir='ltr' id='par_1_13' title="bbox 370 5039 1576 5252">
     <span class='ocr_line' id='line_1_50' title="bbox 373 5039 1122 5110; baseline 0 -16"><span class='ocrx_word' id='word_1_581' title='bbox 373 5045 391 5102; x_wconf 75' lang='lat'>¹)</span> <span class='ocrx_word' id='word_1_582' title='bbox 413 5041 485 5096; x_wconf 81' lang='lat' dir='ltr'>Tast.</span> <span class='ocrx_word' id='word_1_583' title='bbox 506 5039 566 5094; x_wconf 91' lang='lat' dir='ltr'>trib.</span> <span class='ocrx_word' id='word_1_584' title='bbox 588 5040 662 5110; x_wconf 91' lang='lat' dir='ltr'>pleb.</span> <span class='ocrx_word' id='word_1_585' title='bbox 684 5041 764 5108; x_wconf 88' lang='lat' dir='ltr'>(Ulm</span> <span class='ocrx_word' id='word_1_586' title='bbox 786 5042 865 5103; x_wconf 78' lang='lat'>1903)</span> <span class='ocrx_word' id='word_1_587' title='bbox 887 5040 932 5106; x_wconf 91' lang='grc'>16;</span> <span class='ocrx_word' id='word_1_588' title='bbox 951 5039 984 5094; x_wconf 87' lang='lat' dir='ltr'>ci.</span> <span class='ocrx_word' id='word_1_589' title='bbox 1006 5039 1067 5094; x_wconf 82' lang='lat' dir='ltr'>Cll.</span> <span class='ocrx_word' id='word_1_590' title='bbox 1086 5040 1122 5094; x_wconf 90' lang='lat' dir='ltr'>ib.</span> 
     </span>
     <span class='ocr_line' id='line_1_51' title="bbox 370 5109 1576 5252; baseline 0.002 -87"><span class='ocrx_word' id='word_1_591' title='bbox 370 5114 393 5252; x_wconf 42' lang='grc' dir='ltr'>ἔρ</span> <span class='ocrx_word' id='word_1_592' title='bbox 412 5109 628 5251; x_wconf 43' lang='lat' dir='ltr'>(flignsslrlilrtffass,</span> <span class='ocrx_word' id='word_1_593' title='bbox 644 5129 696 5177; x_wconf 76' lang='lat'>1095</span> <span class='ocrx_word' id='word_1_594' title='bbox 716 5112 752 5167; x_wconf 89' lang='lat' dir='ltr'>de</span> <span class='ocrx_word' id='word_1_595' title='bbox 772 5128 812 5167; x_wconf 90' lang='lat' dir='ltr'>or.</span> <span class='ocrx_word' id='word_1_596' title='bbox 834 5111 869 5166; x_wconf 95' lang='grc'>111</span> <span class='ocrx_word' id='word_1_597' title='bbox 887 5113 910 5179; x_wconf 88' lang='grc'>1,</span> <span class='ocrx_word' id='word_1_598' title='bbox 924 5128 951 5179; x_wconf 88' lang='lat'>2;</span> <span class='ocrx_word' id='word_1_599' title='bbox 970 5110 1046 5167; x_wconf 87' lang='lat' dir='ltr'>Suet.</span> <span class='ocrx_word' id='word_1_600' title='bbox 1065 5112 1158 5166; x_wconf 90' lang='lat' dir='ltr'>Tiber.</span> <span class='ocrx_word' id='word_1_601' title='bbox 1177 5112 1210 5178; x_wconf 77' lang='lat'>3;</span> <span class='ocrx_word' id='word_1_602' title='bbox 1232 5109 1302 5168; x_wconf 86' lang='lat' dir='ltr'>Plut.</span> <span class='ocrx_word' id='word_1_603' title='bbox 1323 5111 1356 5168; x_wconf 92' lang='lat' dir='ltr'>C.</span> <span class='ocrx_word' id='word_1_604' title='bbox 1375 5111 1494 5169; x_wconf 87' lang='lat' dir='ltr'>Gracch.</span> <span class='ocrx_word' id='word_1_605' title='bbox 1514 5114 1539 5181; x_wconf 87' lang='lat'>8,</span> <span class='ocrx_word' id='word_1_606' title='bbox 1556 5132 1576 5174; x_wconf 84' lang='lat'>³.</span> 
     </span>
    </p>
   </div>
   <div class='ocr_carea' id='block_1_7' title="bbox 0 0 2216 5700">
    <p class='ocr_par' dir='ltr' id='par_1_14' title="bbox 0 0 2216 5700">
     <span class='ocr_line' id='line_1_52' title="bbox 0 0 2216 5700; baseline 0 0"><span class='ocrx_word' id='word_1_607' title='bbox 0 0 2216 5700; x_wconf 95' lang='lat' dir='ltr'> </span> 
     </span>
    </p>
   </div>
  </div>
 </body>
</html>
