4416 5700
1024 225 1182 321 „23-

171 439 310 500 Piraeum
335 455 488 515 occupare
510 443 639 501 conatus
662 456 729 500 esse
752 438 878 501 videtur.
926 439 986 500 lam
1011 438 1121 503 Graeci
1145 457 1228 501 arma
1253 443 1359 501 contra
1383 439 1536 518 populum
1562 440 1737 505 Romanum
1762 445 1846 503 mota
1869 441 2036 518 deposituri

168 533 260 602 erant,
284 545 354 589 cum
379 527 455 589 Sura
478 546 497 589 a
520 527 612 604 Sulla,
636 529 688 605 qui
714 527 796 590 bello
821 528 1004 590 Mithridatis
1026 533 1169 606 suscepto
1194 529 1305 590 interea
1329 529 1359 590 in
1379 529 1541 592 Graeciam
1562 534 1745 607 pervenerat,
1765 548 1819 608 per
1839 530 1869 592 l.
1887 530 2037 591 licinium

170 617 332 679 Lucullum
366 617 395 677 in
428 618 618 694 provinciam
651 617 866 679 Macedoniam
900 616 1042 679 recedere
1075 619 1176 680 iussus
1208 622 1265 692 est;
1297 636 1399 695 neque
1431 618 1513 680 enim
1547 616 1666 694 Sentio,
1698 619 1752 680 sed
1786 619 1888 681 Sullae
1921 619 2038 680 bellum

168 705 326 784 obtigisse.
373 707 416 768 lta
439 724 512 768 eum
536 706 693 768 victoriam
719 725 817 785 prope
840 708 1026 785 exploratam
1050 725 1067 769 e
1092 706 1235 769 manibus
1258 707 1411 770 dimisisse
1436 708 1616 770 Plutarchus
1641 711 1732 786 putat
1779 708 1895 771 Contra
1924 707 2038 786 Appia·

169 814 229 858 nus
254 795 364 858 Suram
394 794 434 857 ad
463 795 676 859 Chaeroneam
705 813 777 857 cum
807 796 958 859 archelao
987 795 1086 859 dubio
1114 801 1223 858 eventu
1253 795 1429 859 conflixisse
1456 801 1587 859 testatur.
1638 797 1685 861 Sc.
1712 798 1786 859 alter
1813 798 1997 875 scriptorum
2021 815 2039 858 e

169 886 378 965 popularium,
400 886 474 947 alter
496 902 533 946 ex
557 885 750 962 optimatium
776 887 905 964 partium
925 885 1064 947 lontibus
1080 885 1187 948 hausit
1208 921 1249 929 —
1270 886 1346 948 Sura
1370 887 1462 964 igitur
1480 886 1556 948 inter
1572 905 1599 951 a.
1619 887 1683 948 662
1697 915 1738 938 --
1752 888 1793 950 92
1813 893 1842 947 et
1862 887 1925 949 667
1939 914 1981 938 =
1996 886 2036 948 87

168 975 210 1036 rei
236 975 379 1036 monetali
405 973 626 1036 Macedonicae
650 974 785 1052 praefuit
823 1010 862 1019 -
901 974 1116 1036 hPlularcho
1140 976 1297 1053 gentilicio
1321 976 1450 1037 nomine
1472 975 1631 1056 Βρέττιος,
1655 975 1694 1037 ab
1715 975 1859 1054 Appiano
1883 975 2037 1056 Βρύττιος

168 1068 302 1126 vooutur.
351 1063 455 1125 Bruttii
479 1081 497 1125 e
520 1064 644 1125 natione
668 1065 767 1126 italica
792 1064 924 1143 Magnae
948 1064 1094 1126 Graeciae
1118 1063 1241 1127 oriundi
1266 1064 1360 1126 luisse
1382 1064 1530 1127 videntur.
1557 1101 1597 1110 —
1621 1065 1810 1143 Cognomen
1836 1066 1931 1129 Surae
1945 1069 2038 1128 aetate

169 1152 282 1215 liberae
305 1154 347 1214 rei
372 1151 515 1230 publicae
540 1153 570 1214 in
594 1157 685 1231 gente
709 1153 854 1216 Cornelia
876 1171 1005 1231 quoque
1029 1154 1228 1216 Lentulorum
1253 1155 1392 1216 occurrit.

971 1453 1021 1545 Q.
1041 1453 1238 1534 Sertorius.

170 1599 247 1662 Plul.
272 1600 344 1663 Seri.
369 1602 437 1675 4,1:
475 1613 625 1680 Σερτώριος
763 1614 805 1665 ὅτε
829 1621 935 1680 πρῶτον
959 1613 1000 1679 (ἐκ
1024 1620 1069 1681 τῆς
1090 1613 1218 1682 Ἰβηρίας)
1243 1613 1373 1680 ἐπανῆκεν
1397 1613 1432 1670 εἰς
1453 1612 1569 1680 Ῥώμην,
1593 1613 1685 1678 ταμίας
1703 1612 1887 1666 ἀποδείκνυται
1913 1621 1956 1681 τῆς
1979 1614 2038 1680 περὶ

382 1685 475 1738 Πάδον
503 1685 637 1748 Γαλατίας,
660 1684 689 1736 ἐν
713 1685 811 1737 δέοντι·
845 1693 889 1737 τοῦ
917 1684 966 1752 γὰρ
994 1686 1138 1751 Μαρσικοῦ
1169 1684 1285 1751 πολέμου
1314 1683 1499 1750 συνισταμένου
1527 1684 1684 1750 στρατιώτας
1721 1705 1747 1736 ra
1774 1684 1939 1752 προσταχθὲν
1967 1685 2039 1751 αὐτῷ

382 1756 530 1889 ἔσέαλὲζξιν
549 1756 594 1808 καὶ
613 1756 679 1808 ὅπλα
698 1757 838 1819 ποιεῖσθαι,
863 1756 980 1825 σπονδὴν
999 1757 1044 1808 καὶ
1065 1755 1141 1823 τάχος
1164 1757 1289 1824 προσθεὶς
1314 1763 1350 1823 τῷ
1374 1757 1442 1823 ἔργῳ
1575 1755 1670 1822 ἀνδρὸς
1693 1755 1851 1823 ἐμπράκτως
1873 1756 2039 1824 βιωσομένου

399 1849 414 1879 o
431 1849 463 1880 αν
482 1847 563 1895 enzer.

329 1941 370 2014 Q.
400 1940 563 2014 Sertorius,
594 1941 646 2017 qui
677 1958 703 2001 a.
732 1941 795 2001 677
810 1974 847 1983 ·-
858 1940 1126 2001 682--77-72
1158 1939 1274 2001 bellum
1304 1939 1451 2001 adversus
1481 1938 1626 2001 Sullanos
1654 1939 1809 2015 sustinuit,
1840 1938 1923 2001 bello
1954 1939 2038 2001 Cim·

169 2030 297 2094 brorum
327 2046 363 2092 ac
386 2031 563 2091 Teutonum
593 2048 619 2091 a.
652 2029 1094 2092 otu-652=105-102
1125 2029 1286 2105 Caepione
1314 2032 1343 2089 et
1374 2028 1473 2089 Mario
1504 2027 1636 2089 ducibus
1668 2029 1797 2105 primam
1830 2029 1870 2089 rei
1903 2029 2039 2090 militaris

169 2118 292 2182 laudem
318 2118 376 2180 sibi
401 2120 598 2196 comparavit
633 2118 835 2181 Tribunatum
861 2118 1019 2179 militarem
1045 2119 1075 2179 in
1100 2119 1250 2195 Hispania
1273 2118 1411 2179 citeriore
1434 2118 1467 2178 T.
1493 2117 1588 2179 Didio
1617 2119 1784 2194 imperante
1810 2118 1917 2194 gessit3
1945 2118 2040 2195 quie

169 2209 329 2277 consulatu
361 2210 391 2269 in
424 2208 613 2285 provinciam
644 2225 669 2268 a.
695 2208 757 2269 657
773 2209 869 2271 :97
901 2207 1055 2285 proiectus
1085 2211 1137 2284 est,
1164 2225 1190 2268 a.
1215 2208 1274 2269 661
1294 2208 1389 2269 :93
1420 2224 1558 2268 reversus
1586 2206 1658 2267 inde
1686 2206 1725 2267 de
1749 2205 1909 2269 Celtiberis
1931 2207 2037 2268 trium·

169 2298 280 2377 phavit.
327 2298 478 2360 Sertorius
501 2296 593 2358 rebus
617 2297 647 2358 in
672 2296 754 2359 bello
779 2297 930 2374 praeclare
957 2297 1050 2374 gestis
1077 2296 1194 2358 aditum
1217 2295 1256 2357 ad
1281 2295 1417 2357 honores
1439 2294 1497 2357 sibi
1523 2295 1669 2373 patefecit.
1716 2295 1797 2359 Cum
1828 2313 1865 2356 ex
1890 2296 2039 2373 Hispania

168 2388 302 2461 redisset,
326 2387 476 2449 continuo
500 2390 644 2463 quaestor
666 2386 807 2448 Gallicus
829 2385 925 2448 iactus
952 2390 1009 2460 est;
1034 2387 1051 2446 i.
1075 2403 1100 2447 e.
1125 2385 1283 2462 provincia
1306 2386 1333 2446 ei
1358 2384 1468 2462 obtigit
1495 2385 1515 2466 ἡ
1543 2384 1616 2464 περὶ
1640 2382 1755 2447 Πάδον
1781 2383 1812 2445 Γ
1807 2383 1931 2455 alarin,
1959 2402 2039 2462 quae

170 2476 344 2539 Ariminum
369 2493 498 2553 quoque
520 2474 693 2539 vocabatur.
740 2476 803 2539 Ubi
835 2493 907 2537 cum
939 2476 1070 2553 imperio
1099 2475 1217 2535 militari
1246 2481 1320 2549 erat;
1348 2491 1450 2552 neque
1477 2475 1559 2536 enim
1588 2475 1723 2549 consuli,
1751 2475 1805 2536 sed
1834 2474 1891 2551 ipsi
1920 2475 2037 2535 senatui

170 2566 299 2643 parebat
361 2565 396 2627 Α.
421 2565 485 2627 663
501 2592 542 2617 =
559 2567 596 2628 91
636 2565 682 2626 vel
713 2566 737 2626 si
768 2565 939 2627 tardissime
972 2565 1186 2641 subsequenti,
1217 2564 1303 2625 initio
1334 2562 1404 2625 belli
1433 2563 1568 2639 Marsici,
1599 2564 1629 2624 in
1661 2565 1818 2640 provincia
1848 2567 1921 2637 erat;
1951 2564 2040 2625 cuius

170 2656 303 2733 primum
328 2655 500 2729 exordium,
523 2653 631 2716 caedes
656 2654 815 2729 Asculana,
839 2653 922 2715 brevi
948 2657 1018 2731 post
1041 2653 1083 2714 ld.
1107 2653 1188 2730 Sept.
1211 2670 1237 2714 a.
1262 2653 1428 2715 oos=91
1452 2652 1564 2714 lactum
1585 2657 1636 2714 est.
1669 2653 1701 2713 ln
1719 2652 1820 2715 Gallia
1839 2653 1879 2713 rei
1897 2650 2038 2730 publicae

171 2760 296 2820 operam
322 2744 425 2805 utilem
450 2745 581 2818 navavit;
611 2743 720 2805 milites
743 2744 825 2804 enim
849 2745 1009 2805 auxiliares
1032 2741 1226 2804 conscribere
1247 2760 1394 2819 armaque
1417 2759 1595 2820 comparare
1617 2760 1635 2803 a
1658 2747 1763 2803 senatu
1789 2744 1889 2802 iussus
1912 2758 2037 2802 summo

170 2832 274 2894 studio
297 2833 506 2911 celeritatequc
525 2850 600 2894 usus
622 2837 680 2908 est;
705 2835 734 2894 in
760 2832 885 2910 proeliis
907 2837 969 2894 lam
994 2849 1087 2892 manu
1111 2830 1220 2893 fortem
1241 2849 1273 2893 se
1293 2831 1443 2908 praestitit,
1467 2835 1499 2892 ut
1518 2849 1589 2892 cum
1611 2832 1742 2892 maxima
1762 2830 1896 2908 pericula
1914 2830 2039 2906 subiret,

172 2919 337 2985 identidem
361 2923 568 2985 vulneraretur
590 2927 681 3000 atque
704 2922 793 2983 eliam
818 2921 913 2984 oculo
935 2922 1029 2983 altero
1054 2920 1220 2998 privaretur
1229 2919 1261 3003 ¹).

948 3238 993 3319 C
1013 3239 1149 3319 Verres
1173 3237 1218 3318 C.
1236 3238 1261 3316 l.

171 3385 235 3447 Cic·
255 3384 338 3446 Veis·
361 3402 423 3446 200·
448 3387 457 3447 Ι
477 3389 523 3462 12,
536 3401 583 3455 34:
614 3400 759 3465 Quaestor
778 3399 831 3455 Cn.
852 3399 965 3470 Papirio
984 3397 1094 3455 consuli
1113 3397 1189 3452 luisti
1209 3396 1313 3451 abhinc
1331 3412 1424 3451 annos
1443 3394 1678 3466 quattuordecim.

172 3508 213 3570 lb·
242 3510 289 3585 13,
306 3523 353 3578 34:
386 3522 532 3586 Quaestor
552 3540 587 3579 ex
607 3525 724 3580 senatus
745 3523 877 3578 consulto
898 3524 1070 3594 provinciam
1098 3523 1213 3579 sortitus
1239 3538 1279 3578 es.
1316 3523 1428 3593 Obtigit
1451 3522 1499 3577 tibi
1524 3521 1695 3588 consularis,
1715 3524 1745 3578 ut
1764 3538 1827 3577 cunr
1848 3521 1966 3576 consule
1985 3520 2038 3577 Cn.

384 3592 519 3649 Carbone
546 3611 625 3650 esses
652 3611 774 3665 eamque
794 3595 973 3720 (provinciam
1000 3595 1162 3650 obtineres.
1179 3637 1258 3649 .....
1284 3593 1430 3650 Proiectus
1457 3598 1500 3649 est
1525 3598 1660 3664 quaestor
1684 3594 1711 3649 in
1736 3593 1917 3663 provinciam.
1955 3593 2040 3648 Venit

385 3670 566 3735 exspectatus
586 3667 613 3720 in
633 3665 756 3722 Galliam
776 3682 792 3720 a
833 3667 986 3720 exercitum
1006 3668 1194 3722 consularem.
1219 3707 1295 3720 .....
1329 3665 1436 3721 hversa
1456 3665 1576 3736 pecunia
1595 3665 1707 3735 publica
1727 3673 1863 3735 quaestor
1881 3665 2038 3733 consulem,

385 3736 547 3805 exercitum,
568 3741 673 3792 sortem
694 3737 926 3808 provinciamque
945 3737 1078 3794 deseruit.

171 3846 213 3909 11).
238 3850 328 3924 4,11τ
358 3858 586 3988 11Ξρξιίεοιαεη
586 3902 672 3930 ......
697 3861 801 3931 quibus
826 3862 983 3932 probemus
1009 3863 1094 3919 istum
1120 3863 1148 3918 in
1176 3864 1329 3933 quaestura
1358 3860 1507 3932 pecuniam
1535 3860 1677 3931 publicam
1704 3859 1758 3915 Cn.
1778 3859 1904 3916 Carboni
1929 3860 2038 3916 consuli

404 3948 479 3988 aam
500 3948 552 3988 ave
579 3948 644 3988 isse.

171 4043 212 4105 lb·
237 4045 289 4120 30,
302 4058 350 4112 77:
385 4057 542 4113 Nesciebas
562 4057 599 4113 ab
619 4073 655 4113 eo
674 4058 729 4115 Cn.
753 4058 918 4115 Carbonem
937 4058 1099 4126 consulem,
1126 4059 1205 4114 cuius
1230 4074 1260 4113 re
1284 4074 1349 4113 vera
1374 4059 1510 4128 quaestor
1533 4056 1598 4123 tuit,
1626 4071 1685 4112 non
1712 4055 1800 4111 modo
1820 4055 1959 4122 relictum,
1986 4055 2038 4111 sed

384 4129 469 4184 etiam
489 4129 641 4200 spoliatum
662 4130 783 4198 auxiliis,
803 4131 931 4200 pecunia,
951 4130 1058 4185 nelarie
1078 4134 1277 4201 oppugnatum
1298 4132 1326 4185 et
1345 4128 1510 4200 proditum?

170 4239 213 4301 lb·
238 4240 274 4301 111
293 4240 418 4316 76‚177:
457 4253 589 4309 Vidimus
608 4254 673 4309 huic
691 4254 729 4310 ab
747 4254 857 4310 aerario
877 4254 1026 4325 pecuniam
1041 4255 1182 4310 numerari
1198 4253 1342 4324 quaestori
1358 4254 1393 4309 ad
1408 4258 1554 4323 sumptum
1570 4253 1710 4308 exercitus
1725 4251 1895 4318 consularis;
1915 4251 2038 4308 vidimus

384 4325 482 4395 paucis
502 4331 568 4396 post
587 4326 735 4381 mensibus
755 4329 784 4382 et
802 4327 956 4383 exercitum
977 4329 1004 4381 et
1023 4326 1170 4382 consulem
1191 4325 1353 4396 spoliatum.

170 4435 286 4498 111801.
311 4437 321 4498 1
339 4438 426 4512 4,11;
464 4450 625 4515 Quaestum
646 4452 663 4520 [,
672 4451 780 4521 primus
799 4450 905 4522 gradus
932 4451 1068 4522 honoris}
1095 4451 1163 4521 quid
1190 4450 1265 4506 aliud
1292 4450 1377 4506 habet
1396 4449 1424 4505 in
1444 4465 1476 4505 se
1496 4449 1548 4504 nisi
1570 4448 1633 4520 [Cn.
1653 4448 1816 4504 Carbonem
1837 4447 2001 4518 spoliatum]
2022 4464 2038 4503 a

383 4528 536 4591 quaestore
566 4539 620 4578 suo
649 4523 769 4593 pecunia
797 4522 909 4593 publica
940 4523 1078 4578 nudatum
1107 4528 1135 4578 et
1162 4522 1305 4593 proditum
1334 4521 1504 4577 consulem?
1534 4521 1677 4576 desertum
1707 4519 1882 4574 exercitum?
1913 4520 2037 4575 relictam

384 4593 580 4662 provinciam?
600 4596 684 4649 sortis
703 4594 942 4650 necessitudinem
963 4594 1188 4665 religionemque
1207 4593 1363 4649 violatam?

170 4702 272 4767 schol·
290 4704 432 4766 Gronov·
452 4723 481 4783 p-
502 4705 564 4766 387
583 4705 651 4767 Oh:
672 4718 831 4780 (Publicam
860 4719 1023 4789 pecuniam)
1049 4719 1158 4774 iuratus
1187 4721 1242 4786 est,
1268 4734 1332 4774 cum
1362 4720 1497 4789 quaestor
1525 4718 1601 4771 esset
1629 4714 1771 4770 Carbonis
1795 4713 1828 4770 C.
1849 4715 1965 4781 Verres,
1989 4716 2037 4785 qui

383 4789 530 4844 Marianus
555 4788 613 4845 luit
658 4788 733 4844 Dum
760 4800 819 4847 erat
844 4791 943 4846 consul
970 4791 997 4846 in
1019 4790 1172 4862 Hispania,
1205 4796 1341 4861 quaestor
1367 4789 1478 4845 sublata
1504 4787 1623 4857 pecunia
1648 4785 1761 4856 publica
1787 4802 1870 4841 suum
1890 4787 2037 4842 consulem

383 4859 509 4916 deseruit
528 4863 556 4916 et
574 4859 610 4916 ad
630 4859 762 4916 Sullanas
781 4863 921 4918 transtulit
940 4867 1042 4933 parles.

170 4970 218 5035 cr.
242 4970 282 5034 tu.
306 4990 335 5049 ρ.
360 4973 433 5034 390.

334 5166 353 5232 ¹)
375 5163 446 5220 Plut.
466 5163 504 5219 ib.
519 5181 544 5231 23
563 5161 628 5219 Sall.
649 5163 712 5218 hist
733 5163 742 5217 l
763 5161 814 5234 lrg.
833 5164 868 5218 88
888 5163 980 5221 Maur.
