4416 5700
1111 255 1132 320 9

193 492 315 538 manere
337 491 361 535 a.
388 474 507 536 568:
525 474 586 535 186
610 491 682 534 cum
707 471 867 535 Celtiberis
890 473 988 549 signis
1008 471 1128 534 collatis
1151 475 1261 533 eventu
1286 472 1402 533 incerto
1426 469 1571 532 conflixit
1627 468 1692 544 Qui
1721 473 1813 533 nocte
1840 468 2057 546 discesserunt;

192 581 309 643 paucos
332 568 403 640 post
426 563 493 625 dies
517 563 637 641 proelio
661 580 732 623 cum
759 562 917 627 Romanos
944 561 983 623 ad
1012 561 1204 638 Calagurrim
1237 560 1390 638 oppidum
1423 560 1528 622 denuo
1559 560 1785 636 lacessiulssent,
1815 561 1946 639 superati
1977 565 2056 622 sunt.

192 653 304 728 Livius,
335 653 391 714 nisi
431 670 533 714 novus
574 655 694 730 praetor
727 668 887 712 successor
921 650 1033 724 missus
1067 651 1231 712 exercitum
1268 651 1297 710 in
1334 649 1460 711 hiberna
1497 649 1680 724 deduxisset,
1714 649 1850 711 futurum
1887 649 1989 724 luisse,
2024 653 2057 711 ut

191 741 414 820 subigerentur,
437 741 549 803 scribit.
596 741 631 802 Α.
656 741 720 803 569
734 768 775 792 =
794 742 853 804 185
879 740 1002 801 ineunte
1026 740 1055 800 l..
1077 739 1211 801 Manlius
1234 756 1271 800 ex
1295 739 1445 816 Hispania
1469 738 1556 800 rediit
1578 755 1738 816 ovansque
1768 737 1877 800 urbem
1903 739 1976 800 iniit
2024 738 2056 798 ln

191 836 296 894 senatu
320 848 354 893 se
376 830 483 893 decem
508 831 591 891 milia
614 830 723 908 pondo
746 831 861 906 argenti
886 833 915 891 et
937 831 1094 906 octoginta
1116 829 1191 903 auri,
1214 845 1294 905 quae
1317 828 1357 900 Q.
1383 827 1495 889 Fabius
1517 845 1554 889 ex
1578 828 1736 906 provincia
1758 832 1909 911 revertens
1926 828 2056 893 Romam

190 919 361 997 adveheret,
388 920 427 982 ad
458 923 634 997 quaestores
665 918 800 980 urbanos
831 920 860 978 in
884 918 1032 979 aerarium
1058 916 1216 996 pubiicum
1246 917 1417 979 delaturum
1446 934 1512 978 esse
1540 917 1754 994 pronuntiavit
1780 953 1820 961 —
1847 916 1989 995 Amplius
2018 919 2057 978 de

191 1010 233 1084 Q.
254 1009 349 1072 Fabio
373 1009 447 1070 nihil
473 1009 612 1070 innotuit

947 1254 1144 1333 Terentius
1170 1255 1299 1334 Varro.

194 1401 272 1480 ΑΡΡ.
299 1401 387 1480 Η181).
412 1400 469 1462 56:
500 1415 550 1467 Τοῦ
658 1412 739 1467 αὐτοῦ
762 1414 860 1481 χρόνου
884 1415 995 1481 (versus
1018 1413 1106 1469 finem
1130 1413 1196 1469 belli
1215 1412 1421 1474 vaccaeorum)
1445 1454 1541 1468 ......
1565 1412 1706 1465 Λυσιτανοί
1818 1411 1872 1465 Hor
1895 1413 1955 1463 ίκου
1979 1417 2058 1479 σφῶν

405 1485 552 1553 ἡγουμένου
572 1484 602 1537 ιὰ
617 1486 758 1551 Ῥωμαίων
774 1485 880 1553 ὑπήκοα
894 1485 1016 1552 ἐλῄζοντο
1030 1485 1076 1537 καί
1090 1484 1150 1542 τοὺς
1163 1492 1368 1553 στρατηγοῦντας
1382 1484 1478 1546 αὐτῶν,
1491 1483 1620 1537 Μανίλιόν
1635 1504 1660 1535 τι
1673 1483 1719 1536 καί
1741 1483 1923 1550 Καλπούρνιον
1936 1484 2057 1545 Πίσωνα,

405 1557 562 1625 τρεψάμενοι
582 1557 725 1609 κτείνουσιν
744 1557 935 1625 ἑξακισχιλίους
954 1556 1000 1609 καί
1019 1556 1058 1609 ἐπ’
1079 1557 1166 1615 αὐτοῖς
1189 1558 1322 1624 Τερέντιον
1343 1556 1492 1623 Οὐάρρωνα
1512 1557 1612 1622 ταμίαν.

353 1668 450 1730 Varro
475 1669 504 1728 in
531 1669 680 1746 Hispania
702 1672 864 1745 quaestura
886 1668 1009 1729 iunctus
1032 1673 1089 1743 est;
1113 1672 1213 1730 utrum
1240 1667 1269 1728 in
1296 1668 1441 1742 citeriore,
1456 1684 1495 1728 an
1514 1668 1543 1728 in
1562 1668 1711 1742 ulteriore,
1736 1666 1864 1728 Manilio
1887 1684 1926 1728 an
1945 1665 2059 1728 Pisone

193 1762 339 1837 praetore,
364 1758 553 1835 ignoramus.
592 1756 627 1818 Α.
652 1758 771 1818 600:
789 1758 849 1818 154
875 1757 905 1818 in
930 1759 1088 1835 provincia
1111 1757 1175 1819 tuit
1223 1757 1269 1818 Εο
1292 1775 1376 1818 anno
1399 1756 1504 1818 subito
1527 1761 1588 1818 tam
1612 1756 1714 1834 gravis
1734 1756 1902 1834 Hispaniae
1917 1756 2056 1833 gentium

193 1852 296 1909 motus
320 1850 443 1909 exortus
461 1847 546 1925 esu),
571 1851 604 1908 ut
627 1846 774 1911 Romanis
798 1846 935 1908 mutandi
960 1848 1083 1909 comitia
1106 1865 1197 1908 causa
1220 1846 1317 1920 iieret;
1342 1845 1414 1907 inde
1437 1847 1519 1907 enim
1543 1845 1583 1907 ab
1598 1862 1683 1906 anno
1701 1845 1759 1906 601
1776 1872 1817 1896 =
1837 1847 1896 1907 153
1914 1844 2058 1907 consules

193 1954 257 1999 non
288 1936 329 1997 ld.
346 1936 441 2012 Mart,
469 1936 523 1998 sed
553 1939 611 1998 iam
643 1936 705 2001 Kal.
730 1937 795 2014 Jan.
820 1937 1028 2013 magistratum
1054 1935 1214 2009 inibant2i.
1256 1937 1344 1997 Tunc
1367 1936 1449 1996 enim
1475 1935 1607 1996 Lusitani
1632 1934 1711 1996 duce
1736 1934 1856 1996 Punico
1886 1935 1994 2012 regulo
2028 1935 2057 1995 in

194 2025 368 2087 ulteriorem
403 2027 593 2102 provinciam
625 2027 801 2103 transgressi
832 2030 903 2087 sunt
931 2029 1111 2102 tantumque
1141 2030 1285 2087 terrorem
1317 2024 1491 2099 intulerunt,
1521 2028 1554 2085 ut
1583 2023 1623 2086 ad
1656 2041 1711 2086 eos
1742 2022 1937 2100 repellendos
1968 2024 2057 2084 etiam

193 2115 340 2176 citerioris
375 2116 551 2192 provinciae
585 2119 614 2176 et
648 2124 785 2193 praetore
817 2119 846 2176 et
877 2117 1008 2176 exercitu
1041 2132 1123 2193 opus
1154 2119 1240 2176 esset
1288 2115 1400 2175 lunctis
1429 2113 1555 2175 duobus
1585 2112 1765 2175 exercitibus
1794 2118 1895 2173 tamen
1927 2112 2057 2177 Romani

194 2204 313 2282 proelio
335 2201 376 2263 ab
399 2204 443 2264 eis
466 2204 534 2265 victi
558 2207 638 2279 sunt,
662 2204 692 2264 in
717 2220 782 2281 quo
806 2205 884 2265 caesi
908 2203 1067 2266 traduntur
1089 2222 1142 2266 sex
1165 2203 1249 2265 milia
1273 2204 1414 2277 militum,
1439 2204 1469 2264 in
1494 2203 1537 2264 eis
1553 2203 1650 2264 Varro
1659 2200 1692 2278 ³).
1729 2237 1769 2246 —
1802 2200 1953 2263 Wiisdori
1982 2202 2057 2263 fast

195 2293 282 2370 liisp.
313 2311 399 2371 prov.
424 2320 465 2344 =
494 2292 579 2355 Stud.
619 2293 698 2371 lips.
731 2293 740 2354 l
773 2293 815 2354 95
854 2309 900 2370 sq.
932 2291 1023 2354 verba
1054 2292 1186 2372 Appiani
1218 2309 1309 2354 causa
1348 2309 1412 2353 non
1447 2293 1518 2354 satis
1553 2292 1628 2354 iusta
1659 2291 1776 2370 prolata
1806 2293 1995 2368 nequiquam
2027 2291 2058 2351 in

192 2382 402 2459 suspicionem
427 2382 553 2445 vocavit.

902 2647 939 2727 l.
967 2647 1185 2727 Tremellius
1215 2645 1357 2727 Serota

194 2793 291 2854 Varro
315 2791 355 2854 de
378 2810 409 2853 le
428 2795 499 2853 lusi·
520 2791 542 2852 ll
563 2794 615 2866 4,1
641 2792 716 2852 init:
753 2803 832 2859 Avus
852 2821 934 2860 meus
953 2805 1132 2867 (Tremellius
1152 2805 1253 2875 inquit)
1273 2805 1395 2875 primum
1415 2803 1576 2875 appellatus
1595 2807 1639 2860 est
1651 2803 1761 2871 Scroia3
1782 2805 1830 2874 qui
1844 2808 1981 2874 quaestor
1994 2820 2057 2859 cum

407 2880 484 2932 esset
505 2875 610 2932 licinio
630 2876 742 2931 Nervae
762 2876 884 2945 praetori
904 2876 931 2930 in
953 2876 1124 2932 Macedonia
1143 2877 1287 2947 provincia
1307 2877 1428 2944 relictus,
1448 2876 1497 2945 qui
1517 2879 1664 2946 praeesset
1683 2876 1826 2943 exercitui,
1851 2876 1919 2930 dum
1947 2879 2060 2947 praetor

408 2947 518 3014 rediret,
547 2948 646 3003 hostes
674 2947 796 3003 arbitrati
825 2950 1007 3004 occasionem
1027 2963 1059 3003 se
1079 2948 1184 3004 habere
1210 2948 1343 3004 victoriae
1369 2947 1587 3018 impressionem
1613 2946 1705 3003 iacere
1729 2951 1884 3017 coeperunt
1908 2949 1936 3002 in
1960 2953 2059 3002 castra.

407 3018 486 3074 Avus
506 3035 570 3074 cum
595 3018 789 3074 cohortaretur
812 3019 923 3087 milites,
949 3023 979 3075 ut
1002 3023 1136 3089 caperent
1159 3036 1238 3076 arma
1263 3031 1349 3090 atque
1374 3021 1483 3075 exirent
1509 3024 1614 3086 contra,
1638 3019 1710 3074 dixit
1733 3019 1859 3075 celeriter
1882 3034 1914 3074 se
1940 3018 2004 3074 illos
2029 3023 2060 3074 ut

408 3089 500 3146 scrofa
520 3106 623 3162 porcos
642 3091 839 3156 disiecturum3
859 3091 886 3146 id
906 3090 985 3161 quod
1006 3089 1078 3146 lecit.
1126 3091 1200 3146 Nam
1220 3107 1256 3146 eo
1276 3091 1386 3161 proelio
1406 3090 1505 3146 hostes
1524 3091 1562 3145 ita
1581 3090 1653 3145 iudit
1672 3106 1705 3145 ac
1724 3089 1840 3161 fugavit,
1860 3095 1946 3146 uteo
1966 3090 2060 3146 Nerva

407 3165 521 3232 praetor
540 3162 693 3232 imperator
711 3162 747 3217 sit
765 3161 933 3232 appellatus,
954 3176 1024 3218 avus
1044 3177 1206 3233 cognomen
1226 3163 1373 3230 invenerit,
1392 3166 1422 3217 ut
1441 3161 1580 3218 diceretur
1597 3160 1703 3217 Scroia.

196 3270 258 3331 UV·
281 3273 351 3350 θΡῑλ
376 3272 457 3335 llll:
482 3288 593 3359 Appius
607 3287 745 3344 Claudius
758 3289 859 3345 consui
875 3290 912 3358 (a.
927 3289 975 3344 611
990 3311 1024 3338 =
1036 3290 1099 3358 143)
1113 3288 1253 3356 Salassos,
1268 3291 1383 3359 gentem
1399 3288 1541 3358 Alpinam,
1556 3287 1675 3342 domuit.
1705 3287 1782 3344 Alter
1798 3287 2059 3358 Pseudophilippus

408 3357 711 3487 λὲιειρλὲἓξὲριιςίἒαὲᾒλ,
730 3360 883 3416 Tremellio
903 3362 1055 3431 quaestore
1080 3376 1143 3416 cum
1169 3360 1292 3415 exercitu
1312 3375 1414 3415 caesus
1434 3362 1485 3414 est.
1523 3357 1560 3423 Q.
1580 3357 1723 3415 Caecilius
1748 3358 1882 3414 Metellus
1906 3358 2059 3429 proconsul

197 3537 321 3614 ΕΠῘΓΟΡ·
347 3538 386 3600 Ν
415 3541 465 3601 ¹5³
495 3554 526 3608 ln
546 3554 717 3611 Macedonia
742 3555 987 3627 Pseudoperseus,
1012 3556 1059 3626 qui
1080 3572 1111 3612 se
1132 3556 1228 3612 Persei
1248 3556 1337 3612 tilium
1357 3571 1422 3612 esse
1441 3556 1562 3623 dicebat,
1582 3556 1707 3612 collectis
1726 3555 1845 3611 servitiis
1865 3554 2010 3612 rebellavit
2023 3559 2060 3624 et,

408 3639 471 3678 cunr
492 3626 637 3681 sexdecim
657 3630 830 3682 armatorum
851 3628 927 3683 milia
946 3628 1072 3696 haberet,
1091 3644 1108 3682 a
1127 3628 1280 3684 Tremellio
1299 3633 1452 3698 quaestore
1472 3631 1621 3698 superatus
1642 3631 1692 3684 est

357 3753 459 3814 Livius
482 3753 620 3817 Scrofam
645 3761 745 3817 utrum
769 3774 795 3818 a.
821 3758 880 3819 611
898 3785 940 3810 =
959 3760 1027 3832 143,
1056 3774 1122 3834 quo
1147 3757 1204 3835 hp.
1225 3757 1375 3820 Claudius
1398 3757 1592 3818 consulatum
1616 3757 1717 3833 gessit,
1745 3773 1783 3816 an
1807 3772 1833 3816 a
1853 3756 1918 3817 612
1933 3781 1973 3807 --
1990 3757 2059 3829 142,

195 3857 261 3917 quo
284 3841 325 3912 Q.
345 3841 498 3904 Caecilius
521 3843 661 3906 Metellus
684 3862 741 3922 pro
765 3848 894 3908 consule
916 3846 981 3922 iuit,
1005 3854 1165 3924 quaestura
1188 3846 1327 3908 iunctum
1352 3864 1418 3907 esse
1440 3844 1598 3907 arbitratus
1621 3847 1667 3919 sit,
1695 3863 1712 3906 e
1735 3848 1878 3906 contextu
1907 3845 2060 3921 epitomae

196 3947 260 3991 non
293 3931 363 3992 satis
394 3932 496 4008 liquet.
552 3933 718 4010 Eutropius
751 3940 915 4013 postquam
949 3954 996 3998 res
1027 3954 1045 3997 a
1079 3935 1184 3998 Scroia
1216 3941 1316 4014 gestas
1346 3935 1498 4012 exposuit,
1529 3935 1640 3997 eodem
1671 3938 1810 4012 ternpore
1840 3934 1996 3995 Metellum
2029 3935 2058 3994 in

196 4018 358 4081 Celtiberia
390 4020 572 4098 proeliatum
607 4039 674 4084 esse
706 4029 811 4086 narrat
857 4025 923 4099 Qui
957 4030 1030 4087 teste
1056 4024 1178 4087 Valerio
1214 4025 1352 4086 Maximo
1387 4024 1438 4102 (1)(
1468 4026 1497 4098 3,
1511 4026 1540 4102 7)
1575 4026 1604 4085 in
1641 4024 1799 4102 provincia
1833 4021 1942 4084 consui
1976 4022 2060 4098 prius

194 4125 221 4169 a
241 4109 300 4170 611
321 4135 361 4160 =
380 4111 450 4184 143,
474 4109 587 4172 deinde
610 4129 667 4189 pro
691 4112 819 4174 consule
843 4115 907 4176 612
921 4142 962 4165 =
981 4115 1041 4175 142
1066 4131 1136 4175 cum
1157 4116 1287 4175 exercitu
1308 4113 1372 4175 luit.
1409 4113 1501 4175 Unde
1515 4131 1632 4174 annum
1649 4117 1827 4190 quaesturae
1842 4112 2060 4172 Tremellianae

195 4198 305 4259 certius
327 4197 456 4259 definire
479 4216 542 4260 non
568 4200 643 4261 licet
661 4236 703 4245 —
728 4202 809 4264 Cum
835 4203 1018 4265 Macedonia
1040 4220 1058 4263 a
1078 4202 1225 4267 Romanis
1248 4202 1443 4279 stipendiaria
1459 4202 1535 4263 iacta
1553 4204 1583 4264 in
1600 4203 1777 4280 provinciae
1792 4201 1923 4262 iormam
1941 4200 2059 4262 redacta

194 4290 280 4361 esset,
303 4286 414 4348 seditio
437 4293 540 4349 exorta
563 4293 616 4350 est
655 4290 785 4351 Macedo
809 4292 946 4368 quidam,
965 4293 1017 4369 qui
1038 4310 1071 4353 se
1088 4291 1295 4353 Alexandrum
1314 4292 1413 4352 Persei
1438 4291 1537 4353 lilium
1561 4309 1628 4352 esse
1651 4289 1799 4351 simulans
1820 4307 1838 4350 a
1858 4288 2060 4367 popularibus

194 4376 259 4437 suis
285 4376 431 4454 appellari
461 4377 636 4459 patiebatur,
664 4396 719 4441 eos
746 4384 780 4442 ut
806 4398 878 4442 cum
907 4380 1027 4460 populo
1053 4380 1195 4445 Romano
1223 4379 1410 4454 rebellarent,
1439 4381 1583 4455 incitavit;
1612 4380 1694 4441 brevi
1722 4385 1862 4455 tempore
1890 4395 1961 4439 cum
1989 4379 2060 4440 satis

195 4481 344 4543 magnum
372 4471 559 4527 annatorum
589 4486 752 4529 numerum
780 4472 940 4548 coegisset,
968 4488 1039 4532 cum
1070 4470 1100 4530 L.
1124 4470 1297 4543 Tremellio,
1326 4471 1378 4546 qui
1403 4486 1421 4530 a
1446 4470 1563 4531 licinio
1586 4470 1686 4530 Nerva
1715 4474 1861 4547 praetore,
1889 4466 1964 4528 dum
1995 4469 2060 4546 ipse

193 4552 322 4628 abesset
345 4555 487 4615 exercitui
512 4556 680 4634 praefectus
703 4561 771 4633 erat,
794 4575 980 4636 congressus
1003 4563 1054 4620 est
1101 4559 1206 4622 Castra
1224 4559 1361 4623 Romana
1384 4558 1487 4620 subito
1510 4558 1638 4620 adortus
1660 4563 1760 4618 tamen
1777 4574 1848 4617 curn
1865 4574 1883 4618 a
1899 4561 2060 4633 quaestore

194 4640 273 4704 facili
305 4643 432 4720 negotio
462 4651 622 4720 superatus
652 4650 736 4722 esset,
767 4665 866 4724 usque
899 4649 929 4708 in
959 4647 1144 4709 Dardaniam
1176 4649 1317 4724 repulsus
1344 4652 1403 4720 est;
1428 4647 1611 4709 Macedonia
1642 4647 1710 4707 exin
1740 4650 1858 4724 recepta
1886 4651 1930 4707 est
1959 4663 2060 4722 neque

195 4749 334 4808 unquam
365 4737 470 4811 postea
500 4733 662 4796 rebellavit.
715 4735 769 4798 Ob
797 4755 864 4798 eam
893 4738 1062 4812 victoriam,
1092 4754 1172 4813 quae
1202 4736 1296 4798 ductu
1326 4737 1530 4814 auspicioque
1560 4737 1708 4814 praetoris
1738 4740 1820 4813 parta
1850 4739 1919 4808 erat
1951 4734 2060 4796 milites

195 4819 328 4883 Nervam
353 4839 440 4883 more
463 4827 581 4884 vetusto
606 4824 819 4900 imperatorem
844 4826 1055 4888 salutaverunt
1080 4862 1122 4870 —
1146 4826 1301 4900 Quaestor
1322 4843 1398 4887 avus
1421 4825 1477 4887 luit
1499 4826 1557 4888 Cn.
1578 4825 1729 4886 Tremellii
1749 4823 1873 4887 Scroiae
1897 4823 1985 4899 illius,
2004 4825 2058 4900 qui

359 5000 380 5058 ¹)
401 4996 474 5122 Αρρ.
494 4997 535 5062 ib;
554 4999 603 5062 44;
624 4997 742 5053 Diodor.
762 4998 852 5053 ΧΧΧΙ
873 5001 915 5054 50.

357 5069 378 5135 ²)
397 5067 422 5124 C
439 5068 460 5123 t
479 5067 488 5122 l
509 5085 535 5138 p.
554 5069 619 5133 364;
638 5067 805 5125 Cassiodor.
825 5071 921 5125 chron.
941 5071 977 5125 ad
998 5087 1022 5125 a.
1042 5071 1107 5137 601;
1129 5071 1184 5125 Liv.
1204 5071 1269 5141 epit.
1290 5070 1399 5138 XLVll,
1419 5071 1467 5126 ubi
1487 5070 1534 5140 qui
1555 5086 1647 5124 annus
1667 5070 1817 5125 exhibetur
1837 5067 1990 5135 DXCVlll,
2016 5072 2059 5123 est

358 5212 379 5270 ἰ
399 5140 699 5281 λλὺίλλιίλλλζῐδδεεο.
722 5215 762 5266 17.
1797 5196 1801 5202 ’
