4416 5700
330 448 521 524 Tetrachma,
551 450 580 510 in
610 448 724 526 quibus
752 447 880 509 nomina
907 451 936 509 et
964 449 1156 525 magistratus
1180 447 1326 524 praetoris
1348 446 1581 526 quaestorisque
1605 448 1714 527 populi
1740 449 1871 514 Romani
1896 450 2038 528 inscripta

171 540 327 616 leguntur,
356 543 426 616 post
452 556 478 600 a.
508 538 720 613 oua=1ro,
752 555 817 614 quo
847 535 1029 598 Macedonia
1058 537 1216 614 provincia
1245 535 1321 597 lacta
1352 541 1426 611 erat,
1458 554 1496 598 ex
1525 540 1703 599 auctoritate
1734 543 1857 600 senatus
1888 540 2038 616 permissu

171 629 317 706 praetoris
339 646 357 689 a
380 627 607 689 Macedonibus
630 644 702 688 cusa
726 630 809 700 sunt;
837 626 1016 703 etquidem
1046 625 1140 703 paulo
1168 629 1237 687 ante
1259 632 1399 702 tempora
1422 625 1560 701 Suilana;
1589 629 1752 689 vetustiora
1780 629 1864 689 enim
1889 628 2039 704 videntur,

170 735 264 796 quam
288 735 368 794 quae
390 735 408 779 a
431 717 508 779 Sura
531 718 561 777 in
586 716 692 777 eadem
718 716 877 792 provincia
905 715 1025 776 circiter
1047 733 1074 777 a.
1098 715 1162 776 666
1178 742 1218 766 =
1233 716 1275 776 88
1304 715 1421 793 signata
1449 716 1557 791 sunt1l.
1606 717 1652 778 Eo
1682 716 1825 793 quadrat,
1854 717 1941 794 quod
1970 721 2041 794 post

170 807 270 883 legem
300 805 477 869 Corneliam
506 806 545 867 de
573 805 799 883 magistratibus
825 822 851 865 a.
876 804 1046 865 673=8r
1079 821 1098 865 a
1125 803 1209 866 Sulla
1232 804 1322 865 latam
1351 821 1415 864 non
1445 805 1514 882 ipso
1544 806 1735 883 magistratus
1761 823 1846 868 anno
1877 810 2038 883 praetores,

170 895 288 958 sedeo
312 897 472 973 praeterito
496 913 567 956 cum
593 895 722 971 imperio
748 894 958 971 propraetorio
983 894 1013 954 in
1046 894 1219 970 provincias
1248 892 1528 970 proficiscebantur.
1558 929 1599 938 -
1629 893 1717 956 CAE
1741 900 1785 956 est
1814 894 2038 972 compendium

170 985 371 1062 cognominis
395 985 475 1046 velut
499 984 676 1060 Caepionis,
700 983 847 1058 Caesaris,
870 982 911 1044 Sl
932 983 1014 1043 velut
1037 982 1140 1057 Silani,
1163 981 1349 1059 Sisennae²l
1375 1018 1414 1025 —
1440 981 1561 1059 Aesilla,
1585 984 1674 1044 cuius
1693 1001 1808 1045 nomen
1829 986 1859 1045 in
1879 985 2039 1062 utriusque

170 1075 291 1153 generis
314 1074 452 1135 nummis
475 1074 614 1147 occurrit,
637 1072 697 1134 sub
721 1073 851 1149 imperio
875 1071 1010 1132 duorum
1035 1075 1220 1149 praetorum,
1243 1088 1378 1149 quorum
1402 1071 1575 1134 alteralteri
1595 1073 1777 1134 successisse
1796 1073 1923 1149 videtur,
1946 1091 2038 1150 quae

170 1168 251 1225 stura
274 1163 397 1224 fundus
420 1163 502 1240 esu).
549 1162 613 1234 Qui
637 1166 738 1223 tamen
762 1160 874 1221 fuerint
897 1164 1063 1237 praetores,
1093 1177 1155 1237 qua
1177 1178 1194 1220 e
1222 1165 1313 1237 gente
1341 1161 1412 1236 orti,
1444 1160 1503 1222 dici
1529 1163 1643 1237 nequit.
1669 1162 1886 1224 Mommsenus
1910 1161 2039 1224 Aesillae

170 1269 286 1314 nomen
310 1256 466 1329 tamquam
490 1249 737 1330 ὑποκοριστικόν
760 1269 778 1310 a
797 1251 925 1311 nomine
943 1249 1100 1327 gentilicio
1120 1248 1269 1310 Aesinatis
1287 1248 1326 1311 ab
1347 1248 1440 1311 Assio
1460 1249 1609 1312 Umbriae
1624 1251 1745 1328 oppido
1765 1252 1891 1330 repetito
1910 1251 2038 1314 ductum

170 1359 236 1403 esse
259 1342 416 1403 existimat.
463 1339 606 1403 Ceterum
632 1340 761 1401 nomina
785 1339 917 1416 propria,
941 1355 1020 1415 quae
1044 1339 1147 1400 iatine
1171 1339 1201 1399 in
1226 1339 1352 1400 litteram
1377 1338 1404 1399 A
1428 1343 1548 1413 exeunt,
1572 1338 1690 1401 Graece
1714 1340 1734 1402 S
1757 1339 1933 1414 adsumunt,
1957 1342 2040 1402 velut

171 1429 301 1493 Catilina
326 1466 366 1474 -
390 1428 567 1499 Κατιλίνας,
593 1427 726 1490 fimbria
750 1464 790 1473 —
819 1426 987 1508 Φιμβρίας,
1012 1427 1094 1490 Sulla
1119 1468 1160 1476 -
1183 1425 1326 1501 Σύλλας;
1351 1428 1390 1488 ita
1408 1433 1510 1490 noster
1529 1446 1658 1505 quoque
1676 1428 1788 1490 Aesilla
1806 1429 1864 1491 luit
1883 1429 2039 1506 Romanis,

170 1519 299 1581 Aesillas
329 1519 470 1593 Graecis3
500 1518 537 1580 cl.
567 1517 602 1580 C
627 1517 772 1580 Servilius
796 1516 895 1579 Axilla
925 1517 991 1579 trib.
1021 1518 1083 1578 mil.
1112 1534 1174 1578 cos.
1207 1522 1268 1594 pot
1298 1535 1327 1581 a.
1355 1518 1563 1592 335=4ru,
1593 1517 1628 1580 C
1659 1517 1785 1581 Cassius
1814 1518 1928 1583 Ravilla
1957 1535 2038 1581 cens

169 1626 195 1671 a
221 1608 285 1672 629
300 1637 341 1660 =
359 1611 429 1670 125.
454 1644 494 1651 -
520 1608 712 1680 Quaesturae
734 1624 834 1668 annus
856 1607 1025 1668 accuratius
1048 1606 1256 1668 circumscribi
1282 1607 1396 1683 nequit.
1442 1606 1555 1668 Aesilla
1583 1608 1761 1684 ceteroquin
1792 1608 1882 1685 plane
1913 1609 2040 1685 ignotus

169 1701 228 1772 est;
252 1715 380 1775 nomen,
404 1697 492 1776 quod
515 1697 620 1771 sciam,
643 1695 715 1758 alibi
742 1713 805 1757 non
831 1696 984 1773 reperitur.

882 1889 937 1968 Μ.
958 1888 1130 1969 Aurelius
1155 1888 1329 1968 Scaurus

171 2017 235 2082 Cic.
255 2016 315 2079 div.
335 2018 365 2079 in
385 2016 497 2080 caecil.
521 2018 568 2090 19,
580 2030 616 2084 62
639 2034 688 2094 sq:
726 2030 828 2098 Neque
854 2028 913 2084 lere
940 2045 1074 2099 umquam
1093 2030 1169 2085 venil
1189 2029 1216 2084 in
1236 2029 1447 2085 contentionem
1467 2030 1503 2085 de
1523 2030 1691 2096 accusando,
1711 2029 1758 2099 qui
1778 2035 1912 2100 quaestor
1930 2030 2038 2099 luisset,

384 2101 451 2171 quin
478 2100 677 2171 repudiaretur.
716 2101 812 2170 ltaque
837 2116 930 2170 neque
954 2101 982 2156 1.
1008 2101 1119 2157 Philoni
1150 2101 1177 2156 in
1201 2100 1235 2156 C.
1263 2101 1410 2158 Servilium
1441 2101 1563 2157 nominis
1587 2099 1733 2157 deferendi
1757 2105 1883 2172 potestas
1907 2105 1951 2158 est
1973 2102 2039 2158 data

384 2189 478 2243 neque
497 2173 537 2227 Μ.
557 2172 673 2227 Aurelio
692 2172 796 2228 Scauro
816 2172 843 2226 in
865 2173 892 2227 l.
914 2172 1040 2228 flaccum
1061 2189 1154 2242 neque
1173 2172 1227 2228 Cn.
1249 2172 1387 2243 Pompeio
1407 2172 1434 2228 in
1453 2173 1485 2228 Τ.
1505 2172 1663 2227 Albucium.

332 2285 362 2346 l.
380 2285 477 2346 flacci
493 2285 655 2359 accusatio,
675 2301 768 2361 quam
789 2283 928 2359 Scaurus,
952 2288 985 2345 ut
999 2284 1056 2345 sibi
1073 2284 1232 2359 deferrent,
1254 2302 1272 2345 a
1289 2283 1442 2346 iudicibus
1459 2285 1570 2362 petivit,
1586 2285 1724 2346 eiusdem
1740 2287 1862 2363 generis
1876 2284 1933 2346 luit
1947 2290 2039 2363 atque

171 2376 228 2451 illa,
252 2392 313 2453 qua
336 2374 376 2447 Q.
397 2372 550 2436 Caecilius
573 2373 698 2435 Verrem
719 2374 837 2451 insequi
857 2375 962 2435 voluit
1010 2373 1101 2436 Unde
1119 2373 1265 2435 concludi
1285 2373 1394 2449 liceth:
1414 2373 1545 2436 Scaurus
1565 2375 1662 2435 flacci
1682 2378 1825 2451 quaestor
1843 2393 1881 2435 eo
1899 2379 2039 2453 tempore

169 2463 234 2540 luit,
257 2481 323 2542 quo
346 2463 396 2524 hic
419 2467 540 2540 praetor
562 2479 633 2523 cum
659 2462 788 2539 imperio
813 2463 843 2523 in
867 2463 1025 2540 provincia
1049 2464 1215 2541 nescioqua
1238 2468 1314 2537 erat;
1339 2463 1463 2525 Flaccus
1487 2463 1617 2528 Romam
1642 2481 1779 2525 reversus
1803 2463 2037 2542 repetundamm

171 2570 241 2615 reus
263 2552 359 2614 iactus
382 2551 464 2632 esu).
502 2550 602 2614 Cuius
625 2569 695 2612 cum
721 2568 837 2613 nomen
856 2551 989 2614 delatum
1010 2556 1095 2628 esset,
1118 2551 1250 2614 Scaurus
1269 2569 1302 2613 se
1319 2556 1525 2614 accusatorem
1546 2553 1688 2614 constitui
1708 2557 1850 2630 oportere
1869 2553 2038 2627 contendit;

171 2641 226 2703 sed
256 2642 329 2719 quia
352 2645 495 2719 quaestor
518 2642 558 2702 rei
582 2639 691 2717 iuerat,
720 2642 896 2718 repudiatus
919 2643 1000 2719 esth.
1051 2641 1198 2703 Scaurum
1235 2642 1490 2719 praevaricatione
1521 2642 1661 2704 flaccum
1693 2643 1820 2703 crimine
1850 2642 1976 2703 liberare
2007 2643 2037 2703 in

172 2731 279 2791 animo
302 2729 445 2791 habuisse
467 2748 484 2792 e
507 2729 579 2792 loco
604 2730 726 2791 laudato
750 2731 920 2792 necessario
944 2730 1048 2809 colligi
1070 2731 1233 2792 Peterseno
1253 2748 1316 2792 non
1336 2730 1486 2792 concedo.
1518 2730 1565 2792 De
1584 2748 1692 2792 causae
1710 2733 1790 2793 exitu
1816 2731 1889 2793 nihil
1913 2736 2038 2793 constat

154 2818 271 2894 ,Quod
294 2818 333 2878 ad
356 2822 478 2895 tempus
498 2821 609 2890 attinet,
633 2820 742 2881 Cicero
766 2837 834 2880 eam
858 2821 949 2881 simul
974 2837 1044 2881 cum
1069 2837 1160 2880 causa
1177 2820 1307 2895 Albucii,
1331 2821 1383 2897 qui
1407 2837 1432 2881 c.
1448 2837 1473 2880 a.
1499 2820 1617 2882 650:
1636 2821 1695 2882 104
1720 2820 1896 2898 provinciae
1920 2828 2040 2897 praetor

172 2906 267 2986 luith,
292 2906 413 2984 prolerl.
459 2907 637 2969 Accuratius
665 2908 795 2970 describi
829 2910 948 2986 nequit,
976 2910 1125 2986 quoniam
1156 2926 1212 2969 nec
1240 2909 1279 2971 de
1308 2916 1445 2986 praetura
1469 2909 1565 2970 Flacci
1595 2926 1651 2969 nec
1679 2907 1718 2969 de
1746 2908 1849 2971 Scauri
1879 2919 2039 2987 quaestura

172 2996 343 3074 quidquam
366 2995 449 3057 aliud
473 2999 543 3059 certi
568 3003 677 3059 notum
701 3003 753 3059 est
800 2997 931 3060 Scaurus
954 3015 1018 3059 non
1047 2997 1104 3059 fuit
1126 3016 1189 3060 cos.
1212 2997 1282 3058 suli.
1305 3016 1330 3059 a.
1356 2998 1474 3059 646:
1494 3000 1567 3073 108,
1596 2999 1648 3075 qui
1676 2996 1773 3058 tribus
1799 2998 1888 3058 annis
1912 3002 1983 3076 post
2007 3000 2037 3059 in

171 3083 272 3147 Gallia
298 3102 316 3145 a
345 3084 481 3147 Cimbris
509 3088 630 3148 occisus
657 3091 714 3162 est;
743 3104 844 3164 neque
871 3088 952 3149 enim
981 3104 1094 3163 annus,
1123 3104 1188 3165 quo
1216 3104 1306 3148 causa
1333 3092 1397 3148 acta
1425 3091 1481 3162 est,
1508 3088 1548 3148 ab
1574 3104 1600 3147 a.
1625 3087 1810 3161 684=70‚
1838 3104 1903 3164 quo
1927 3086 2038 3150 Cicero

171 3173 391 3235 divinationem
424 3175 454 3236 in
483 3175 651 3237 Caecilium
683 3176 801 3250 habuit,
839 3176 930 3238 nimis
963 3175 1171 3238 removendus
1203 3181 1260 3251 est;
1293 3178 1397 3253 potius
1424 3176 1561 3237 consulis
1589 3176 1671 3236 lilius
1697 3175 1754 3237 fuit
1781 3179 1810 3236 et
1838 3177 1918 3238 idem
1947 3183 2038 3253 atque

171 3262 213 3324 M.
238 3262 378 3338 Scaurus,
402 3262 493 3324 Asiae
516 3268 667 3342 quaestor,
691 3286 718 3327 v.
736 3268 753 3327 i.
789 3265 828 3326 lta
853 3274 1013 3344 quaestura
1036 3267 1102 3327 eius
1126 3267 1156 3326 in
1181 3265 1282 3327 Sullae
1305 3270 1444 3342 tempora
1464 3265 1609 3340 inciderit,
1628 3263 1743 3342 quibus
1761 3265 1843 3326 duos
1863 3265 1893 3327 l.
1914 3266 2038 3327 Flaccos

170 3356 339 3429 praeturam
364 3353 496 3430 gessisse
519 3359 644 3416 constat.

878 3548 931 3627 M.
957 3548 1130 3627 Aurelius
1156 3547 1331 3629 Scaurus.

171 3689 236 3754 Cic·
256 3691 340 3755 Veis·
359 3708 420 3753 ³00
447 3691 582 3766 133,85:
619 3705 718 3776 Nuper
736 3706 776 3761 M.
800 3705 916 3762 Aurelio
934 3705 1039 3762 Scauro
1064 3706 1237 3776 postulante,
1268 3705 1346 3775 quod
1370 3704 1394 3761 is
1421 3703 1525 3774 Ephesi
1551 3720 1582 3760 se
1607 3709 1787 3775 quaestorem
1811 3705 1837 3762 vi
1866 3705 2037 3776 prohibitum

384 3792 449 3831 esse
474 3774 597 3844 dicebat,
624 3778 812 3846 quominuse
838 3777 905 3832 lano
932 3777 1040 3833 Dianae
1065 3793 1177 3833 servum
1197 3793 1293 3843 suum,
1320 3776 1366 3847 qui
1392 3777 1419 3831 in
1444 3776 1510 3831 illud
1535 3776 1643 3848 asylum
1668 3777 1751 3832 contu
1776 3777 1855 3846 'sset,
1876 3776 2036 3843 abduceret,

386 3846 507 3903 Pericles
518 3847 667 3917 Ephesius,
679 3849 766 3903 homo
782 3848 983 3917 nobilissimus,
997 3848 1116 3908 Romam
1132 3852 1265 3905 evocatus
1281 3851 1332 3917 est,
1347 3849 1425 3917 quod
1439 3851 1535 3902 auctor
1548 3848 1664 3904 iniuriae
1674 3848 1747 3904 iliius
1793 3849 1850 3904 isse
1860 3848 2037 3920 arguebatur.

332 3959 364 4019 ln
389 3957 465 4019 urbe
484 3959 617 4037 Epheso,
642 3978 720 4038 quae
745 3963 803 4022 ianr
829 3960 940 4022 liberae
963 3962 1004 4022 rei
1029 3960 1170 4038 publicae
1192 3966 1286 4022 aetate
1310 3961 1538 4038 magistratuum
1560 3961 1667 4037 populi
1689 3960 1818 4025 Romani
1838 3961 1926 4022 sedas
1944 3960 2038 4023 luisse

169 4047 297 4123 videtur,
321 4047 454 4109 Scaurus
477 4054 621 4125 quaestor
644 4067 714 4110 cum
739 4054 817 4111 esset
833 4049 932 4124 Asiae,
957 4051 1069 4127 insigni
1095 4050 1203 4110 iniuria
1226 4068 1244 4111 a
1266 4049 1386 4111 civibus
1407 4048 1535 4110 allectus
1557 4055 1608 4110 est
1640 4049 1786 4122 Quorum
1811 4050 1921 4110 ducem
1943 4067 2035 4127 quem

169 4135 264 4199 luisse
286 4136 440 4214 arguebat
465 4137 622 4212 Periclem,
646 4141 744 4199 virum
769 4137 917 4215 nobilem,
942 4140 1132 4216 magistratus
1154 4157 1238 4200 anno
1263 4139 1420 4216 praeterito
1441 4138 1569 4203 Romam
1595 4140 1732 4200 evocavit
1755 4143 1783 4200 et
1806 4140 1836 4200 in
1862 4139 1909 4199 ius
1932 4143 2036 4216 postu·

170 4226 249 4288 lavit
296 4225 343 4286 De
367 4230 506 4303 tempore
530 4227 604 4288 nihil
630 4233 746 4289 constat
775 4229 832 4289 nisi
856 4227 1039 4291 Ciceronem
1071 4229 1100 4288 in
1129 4229 1280 4303 oratione,
1309 4246 1369 4305 qua
1397 4245 1430 4288 se
1454 4228 1577 4290 Verrem
1607 4246 1634 4288 a.
1658 4228 1835 4289 osr=70
1865 4229 2035 4288 insecutum

169 4332 236 4377 esse
258 4315 361 4392 lingit,
385 4333 483 4391 nuper
507 4316 655 4378 Scaurum
681 4317 882 4394 postulavisse
905 4317 1044 4379 scribere.
1063 4353 1102 4360 —
1122 4317 1225 4380 Scauri
1254 4334 1280 4377 a.
1305 4318 1370 4378 040
1385 4346 1426 4368 --
1445 4318 1505 4378 108
1535 4334 1598 4378 cos.
1622 4316 1692 4378 surr.
1716 4316 1798 4378 lilius
1826 4316 1953 4377 tortasse
1980 4315 2037 4378 luit

169 4407 199 4466 et
228 4404 320 4479 idem,
351 4406 404 4480 qui
437 4405 512 4464 inter
540 4424 565 4466 a.
596 4406 795 4469 645=109
825 4410 854 4467 et
884 4407 1001 4468 050:
1020 4408 1079 4467 104
1111 4424 1172 4466 una
1201 4424 1272 4467 cum
1305 4406 1362 4468 Cn.
1392 4406 1531 4468 Domitio
1561 4404 1772 4466 Ahenobarbo
1802 4411 1831 4467 et
1859 4405 1890 4466 L.
1920 4406 2036 4467 licinio

170 4491 284 4556 Crasso
309 4494 452 4554 denarios
475 4494 597 4573 cuditr).
645 4495 731 4571 Vide,
756 4512 834 4572 quae
857 4495 896 4557 de
920 4494 1044 4571 Scaur0,
1069 4496 1165 4557 flacci
1190 4501 1358 4572 quaestore,
1382 4513 1473 4574 supra
1497 4495 1676 4556 dictasunt

333 4687 338 4714 l

331 4687 353 4825 ’ζ
374 4686 539 4810 hr0²n²2n1sen
559 4772 603 4839 ap.
625 4755 762 4827 Borghesi
782 4758 887 4815 Oeuvr.
907 4758 1010 4829 compl.
1031 4758 1121 4813 11244
1141 4774 1183 4828 sq.

330 4826 677 4909 MMmmmm

331 4901 342 4934 ⁴
376 4897 510 4954 Petersen
531 4899 575 4954 De
594 4914 686 4954 causis
706 4900 824 4969 publicis
845 4901 979 4960 Romanis
999 4902 1041 4956 52.

332 4972 343 5007 ⁵
376 4968 539 5051 Ps.·Ascorr.
559 4986 585 5039 p.
607 4973 657 5026 123
676 4970 725 5026 Or.

331 5042 354 5180 23
375 5040 433 5096 Cic.
453 5040 489 5095 rb.
511 5043 596 5110 10,οι.

332 5185 354 5252 ⁸)
375 5114 561 5255 &affl-Wiss.
583 5184 755 5257 Realencycl.
776 5185 800 5240 V
822 5187 898 5241 1325.
