4416 5700
1145 230 1185 290 22

232 447 319 509 Pater
340 446 397 507 tuit
421 445 453 506 P.
478 445 593 508 Servilii
619 444 729 520 Vatiae,
754 445 802 505 cui
827 462 864 505 ex
886 461 911 504 a.
937 445 1002 506 679
1017 445 1112 504 =75
1138 443 1258 504 isaurici
1283 459 1461 520 cognomen
1488 440 1618 502 inditum
1643 445 1700 515 est;
1729 441 1754 501 is
1777 442 1859 501 enim
1885 441 1920 502 C.
1940 438 1959 500 1.
1981 440 2021 499 Μ.
2042 439 2099 512 n.¹l

230 536 287 597 tuit
315 539 409 612 patre,
437 537 491 611 qui
520 551 592 595 curn
622 535 753 611 imperio
776 533 885 608 iuerat,
914 534 1040 610 natust.
1065 569 1104 577 —
1131 533 1162 595 Si
1187 532 1222 594 C.
1246 531 1405 606 Servilius,
1431 532 1460 592 in
1485 548 1579 607 quern
1604 530 1755 592 Cicerone
1778 533 1851 591 teste
1873 531 2026 590 accusatio
2050 530 2098 589 vel

231 626 414 701 subscriptio
439 623 561 685 Philoni
587 624 735 701 permissa
758 641 822 684 non
847 627 903 698 est,
933 622 1014 683 idem
1039 621 1096 683 11111
1118 625 1209 699 atque
1234 620 1355 698 Augur,
1381 621 1471 682 Philo
1494 638 1520 682 a.
1545 620 1745 681 652=102
1775 619 1804 680 in
1829 619 1930 681 Sicilia
1954 624 2100 695 quaestor

230 713 296 776 fuit
321 749 361 758 -
386 713 589 790 Cognomine
613 712 754 774 Philonis
778 713 868 787 Furii,
894 710 1027 787 Publilii,
1051 712 1166 774 Veturii
1191 710 1318 788 perinde
1342 709 1510 771 utebantur.

848 995 884 1074 l.
913 993 1114 1074 Cornelius
1144 992 1222 1074 Ser.
1248 994 1273 1072 1.
1304 992 1491 1072 Lentulus,

231 1143 327 1222 way
352 1142 528 1204 luschrilten
552 1141 667 1220 griech.
692 1141 858 1203 Bildhauer
882 1159 910 1201 n.
929 1143 1006 1202 250:

445 1248 550 1302 Acbarus
569 1245 708 1322 Κορνήλιον
727 1245 843 1317 Σερουίου
862 1247 912 1300 υἱὸν
931 1246 1053 1300 litaretur

444 1336 533 1404 ταμίαν
551 1331 690 1404 Ῥωμαίων
708 1331 800 1388 Ἰταλοὶ
819 1335 860 1386 καὶ
875 1330 998 1404 Ἕλληνες

624 1419 798 1493 Δημόστρατος
817 1420 995 1492 Δημοστράτου

625 1504 761 1575 Ἀθηναῖος
780 1507 863 1559 ἐποίει.

231 1616 279 1679 cf.
304 1617 381 1679 Bull.
406 1617 444 1677 de
467 1634 544 1677 corr.
569 1615 676 1678 hellen.
702 1616 742 1678 lV
772 1618 831 1679 189
848 1633 921 1693 sqq;
945 1616 1011 1678 Vlll
1042 1617 1110 1678 133.

392 1741 551 1818 inscriptio
575 1740 642 1801 Deli
673 1743 703 1801 in
732 1744 845 1801 statuae
874 1740 939 1802 basi
968 1744 1082 1817 reperta
1110 1744 1161 1801 est.
1208 1739 1358 1817 Tempus,
1386 1756 1451 1816 quo
1480 1738 1541 1800 1616
1571 1737 1715 1799 Lentulus
1743 1740 1935 1814 quaesturam
1964 1736 2101 1813 gesserit,

231 1828 304 1889 hinc
334 1830 495 1908 colligitur.
551 1830 634 1890 idern
667 1829 879 1891 Demostratus
910 1828 1014 1890 artilex
1048 1828 1242 1890 Atheniensis
1273 1827 1432 1890 Ammonii
1463 1828 1624 1889 cuiusdam
1655 1826 1789 1887 flaminis
1818 1824 1971 1902 Apollinis
2000 1824 2101 1886 Delici

230 1921 357 1979 statuam
387 1919 458 1980 iecit
488 1920 595 1997 (Lowy
629 1936 656 1980 n.
683 1921 766 1998 251).
825 1919 890 1991 Qui
921 1919 1092 1980 sacerdotio
1124 1922 1257 1996 praeerat
1285 1936 1311 1978 a.
1336 1918 1567 1980 652-o5a=
1586 1917 1797 1994 102-1011).
1860 1916 1919 1976 Cui
1950 1916 2113 1991 temporis·

231 2006 402 2069 definitioni
437 2009 613 2082 litterarum,
646 2025 726 2084 quae
755 2009 784 2067 in
813 2007 877 2069 basi
908 2009 1066 2084 inscriptae
1090 2009 1246 2084 leguntur,
1273 2007 1373 2068 torma
1403 2025 1439 2068 ac
1469 2006 1579 2067 ductus
1609 2005 1842 2082 apte'quadrat.
1890 2004 2003 2064 Eadem
2036 2004 2103 2065 1616

229 2099 324 2157 aetate
347 2096 492 2158 Lentulus
513 2101 660 2174 quaestor
681 2096 745 2157 tuit.
793 2096 961 2172 Postquam
986 2115 1003 2157 e
1027 2097 1184 2174 provincia
1208 2097 1343 2171 decessit,
1368 2096 1421 2172 qui
1446 2096 1514 2156 Deli
1540 2094 1781 2172 negotiabantur,
1805 2099 1834 2155 et
1853 2093 1913 2154 ltali
1934 2096 1962 2153 el
1977 2092 2102 2167 Graeci,

230 2186 257 2245 ei
282 2184 411 2246 honoris
433 2187 527 2263 gratia
547 2186 672 2264 vulgato
696 2203 713 2246 6
737 2203 824 2246 more
846 2190 973 2246 statuam
997 2191 1214 2247 exstruxerunt.
1261 2186 1345 2258 Quia
1369 2186 1467 2246 insula
1490 2184 1529 2246 ab
1552 2203 1578 2246 a.
1604 2185 1667 2245 588
1682 2212 1722 2233 =
1741 2183 1810 2256 166,
1829 2200 1895 2259 quo
1913 2201 1931 2242 a
1951 2183 2103 2246 Romanis

232 2272 464 2335 Atheniensium
489 2275 598 2335 civitati
622 2275 763 2335 attributa
786 2276 887 2352 eratll,
912 2280 1060 2351 perpetuo
1084 2293 1155 2336 cum
1181 2293 1215 2336 ea
1234 2277 1398 2335 coniuncta
1418 2274 1482 2349 luit,
1503 2274 1704 2334 Macedoniae
1723 2276 1866 2348 quaestor
1884 2271 1948 2333 tuit
1983 2270 2103 2333 Achaia

231 2364 313 2425 enim
338 2382 425 2425 exa.
449 2364 658 2438 608=14u
682 2380 748 2440 quo
771 2365 938 2424 concilium
965 2364 1158 2426 Achaeorum
1182 2382 1200 2424 a
1225 2363 1373 2428 Romanis
1397 2364 1549 2425 devictum
1575 2368 1627 2436 est,
1650 2379 1840 2439 quamquam
1867 2363 1895 2421 in
1922 2362 2102 2438 provinciae

230 2451 361 2513 formam
387 2453 504 2513 redacta
528 2457 597 2529 erat,
620 2458 720 2514 tamen
747 2452 947 2513 Macedoniae
971 2455 1100 2531 praetori
1124 2452 1364 2514 administranda
1387 2452 1530 2513 adiuncta
1553 2453 1635 2530 esu).
1657 2487 1696 2495 —
1718 2450 1765 2512 An
1785 2452 1815 2511 in
1832 2450 1904 2511 Asia
1920 2454 2103 2528 quaesturae

231 2541 378 2619 praefuit?
1201 2559 1202 2562 ’

1016 2735 1183 2814 Bruttius
1213 2734 1318 2814 Sura.

231 2846 407 2907 Mommsen
433 2845 547 2907 Gesch.
571 2845 599 2905 d.
625 2847 702 2906 rbm.
728 2846 863 2907 Miinzw.
889 2847 966 2907 375:

444 2966 710 3019 narrandarum·
741 2968 764 3017 o
790 2994 795 3004 ·
818 2964 940 3023 SVVRA
963 2994 969 3007 ·
998 2965 1098 3021 LEG-
1128 2964 1231 3024 PRO·
1258 2965 1286 3029 Q

392 3078 515 3138 Exstant
537 3075 699 3138 tetrachma
725 3076 933 3151 Macedonica,
958 3094 1037 3154 quae
1061 3076 1161 3138 Sullae
1190 3076 1382 3154 temporibus
1405 3077 1641 3138 Thessalonicae
1669 3095 1742 3138 cusa
1770 3095 1836 3138 esse
1859 3078 1913 3138 viri
1944 3077 2026 3138 docti
2056 3079 2100 3139 rei

231 3167 420 3227 nummariae
444 3167 527 3242 periti
553 3166 725 3242 opinantur.
773 3165 857 3240 Sura,
881 3183 952 3226 cum
976 3167 1049 3227 alter
1077 3165 1214 3227 eiusdem
1245 3166 1381 3226 nominis
1409 3171 1501 3227 notus
1525 3184 1588 3226 non
1618 3168 1668 3240 sit,
1698 3167 1779 3227 idem
1803 3166 1897 3227 tuisse
1920 3167 2040 3228 videtur
2063 3185 2101 3228 ac

232 3254 364 3316 bruttius
388 3254 473 3329 Sura,
497 3255 550 3331 qui
576 3255 611 3316 C
636 3254 749 3329 Sentio,
775 3256 951 3331 provinciae
976 3255 1176 3316 Macedoniae
1200 3257 1339 3332 praetori,
1364 3255 1480 3332 legatus
1503 3254 1597 3329 tuitll.
1644 3255 1766 3317 Sentius
1789 3257 1847 3316 iarn
1872 3273 1897 3316 a.
1923 3256 2040 3317 662:
2055 3257 2100 3318 92

231 3348 352 3422 praetor
375 3344 416 3404 ibi
441 3343 539 3416 luiti);
563 3344 650 3404 etiarn
675 3361 701 3404 a.
719 3344 781 3405 667
796 3370 836 3395 =
851 3345 902 3416 87,
918 3349 949 3405 ut
966 3344 1043 3405 intra
1059 3343 1242 3419 videbimus,
1267 3345 1296 3405 in
1314 3345 1471 3421 provincia
1488 3350 1622 3406 versatus
1638 3352 1688 3406 est.
1726 3345 1889 3423 Zumptius
1907 3346 2100 3424 (Comment.

229 3433 324 3510 epigr.
350 3433 372 3492 ll
399 3434 568 3510 1743178)
595 3432 681 3509 quod
706 3434 773 3493 eius
797 3439 966 3508 praeturam
996 3451 1095 3510 usque
1121 3432 1209 3494 ada.
1234 3433 1405 3495 673=81
1440 3438 1635 3511 prorogatam
1664 3451 1731 3495 esse
1759 3436 1897 3509 coniecit,
1928 3435 2001 3496 mihi
2032 3453 2099 3496 non

230 3521 379 3599 probavit.
406 3557 444 3564 -
471 3521 563 3583 Sentii
589 3525 733 3598 quaestor
754 3526 806 3583 aut
830 3526 971 3583 mortuus
993 3526 1045 3583 aut
1067 3541 1084 3583 e
1108 3523 1265 3600 provincia
1289 3540 1430 3599 egressus
1452 3529 1504 3585 aut
1528 3525 1668 3598 omnino,
1693 3541 1764 3585 cum
1788 3525 1893 3585 sociali
1914 3524 1997 3585 bello
2018 3542 2100 3585 non·

230 3610 305 3671 dum
330 3610 471 3671 contecto
496 3612 554 3671 iam
581 3609 819 3671 Mithridaticum
846 3611 1029 3686 immineret,
1059 3612 1158 3676 Roma
1188 3611 1343 3689 proiectus
1372 3630 1435 3672 non
1465 3617 1533 3674 erat.
1582 3612 1622 3673 lta
1651 3612 1755 3675 Sentio
1782 3631 1800 3673 a
1828 3618 1932 3674 senatu
1963 3614 2100 3675 Bruttius

230 3700 306 3762 Sura
329 3701 469 3760 senatorii
494 3700 612 3761 ordinis
635 3700 681 3759 vir
704 3701 820 3775 legatus
844 3705 900 3768 est.
929 3702 982 3776 qui
1009 3702 1093 3761 illum
1119 3718 1213 3779 opera
1236 3702 1430 3778 consilioque
1453 3701 1609 3763 adiuvaret
1632 3707 1672 3776 et,
1700 3703 1724 3762 si
1750 3720 1832 3778 opus
1854 3707 1945 3778 esset,
1969 3704 2101 3766 vicariae

230 3797 409 3866 quaesturae
438 3793 594 3866 praeesset
642 3788 717 3849 Sura
746 3807 771 3848 a.
797 3789 972 3851 666--88
1001 3796 1029 3850 61
1058 3790 1259 3867 subsequenti
1290 3791 1319 3851 in
1349 3791 1479 3853 Graecia
1506 3791 1652 3853 adversus
1681 3791 1862 3852 Mithridatis
1890 3791 1985 3853 duces
2013 3792 2098 3855 haud

230 3879 421 3956 improspere
445 3879 600 3954 pugnavit.
649 3878 753 3938 Primo
777 3878 985 3956 Metrophani,
1015 3880 1118 3940 classis
1143 3879 1287 3941 Ponticae
1311 3880 1475 3957 praetect0,
1499 3899 1532 3941 se
1555 3880 1680 3954 obiecit,
1705 3884 1737 3941 ut
1760 3882 1851 3941 maris
1875 3882 1987 3958 Aegaei
2013 3883 2099 3943 insu·

230 3970 281 4042 las,
305 3984 384 4044 quae
407 3966 446 4027 ab
470 3985 509 4028 eo
535 3971 702 4043 occupatae
725 3972 816 4042 erant,
842 3968 995 4041 liberaret3
1019 3969 1139 4044 proelio
1163 3969 1261 4029 navali
1287 3970 1372 4030 illum
1396 3969 1482 4044 ludit,
1508 3971 1638 4030 insulam
1664 3969 1820 4030 Sciathum
1846 3972 1932 4046 cepit.
1975 3971 2100 4034 Deinde

229 4057 259 4117 in
284 4057 451 4118 continenti
473 4055 631 4129 Archela0,
655 4056 709 4132 qui
735 4057 926 4133 pedestribus
951 4058 1030 4134 regis
1054 4059 1153 4135 copiis
1177 4062 1318 4135 praeerat,
1342 4076 1413 4119 cum
1439 4060 1498 4119 iarn
1516 4061 1650 4119 civitates
1670 4059 1878 4137 Peloponnesi
1895 4064 1924 4121 61
1940 4059 2099 4138 Graeciae,

229 4153 261 4207 ut
283 4165 300 4206 a
326 4146 473 4209 Romanis
495 4145 534 4204 ad
560 4144 764 4206 Mithridatem
789 4145 961 4221 delicerent,
985 4149 1213 4222 commovisset,
1242 4147 1366 4209 obviam
1397 4148 1551 4224 proiectus
1575 4153 1625 4209 est.
1673 4149 1822 4221 Quocum
1853 4167 1906 4226 per
1935 4148 2098 4212 Boeotiam

230 4236 282 4296 iter
306 4237 336 4296 in
355 4235 543 4296 Thessaliam
568 4233 696 4294 iaciente
720 4234 796 4295 Sura
819 4236 902 4312 apud
923 4235 1136 4297 Chaeroneam
1161 4237 1263 4297 hieme
1278 4236 1374 4297 tribus
1391 4236 1537 4314 deinceps
1554 4238 1679 4315 proeliis
1698 4239 1863 4312 contendit,
1880 4243 1912 4298 ut
1928 4237 2099 4302 Archelaus

227 4324 267 4385 ad
292 4342 373 4384 mare
397 4326 450 4385 iter
473 4326 649 4384 convertere
673 4330 841 4400 cogeretur.
884 4325 943 4386 Sed
968 4344 1039 4386 curn
1066 4344 1196 4400 magnae
1219 4327 1328 4402 copiae
1350 4326 1510 4387 auxiliares
1533 4326 1571 4387 ad
1595 4344 1666 4387 eum
1696 4326 1933 4401 adducerentur,
1964 4328 2099 4391 Bruttius

229 4431 331 4491 parem
356 4430 389 4473 se
413 4413 471 4473 iarn
497 4430 560 4473 non
586 4416 697 4489 putans
721 4413 861 4474 hostibus
884 4413 922 4474 ad
947 4415 1171 4493 Thermopylas
1194 4414 1353 4493 recessim).
1395 4415 1561 4476 Archelaus
1579 4416 1713 4476 Athenas
1737 4418 1869 4492 revertit;
1893 4416 2001 4478 irustra
2017 4417 2098 4480 Sura

391 4589 411 4655 ¹)
433 4585 504 4641 fast.
524 4585 597 4656 Cap.
617 4587 653 4641 ad
673 4603 698 4640 a.
717 4587 872 4653 675;79;
893 4586 951 4642 Α61,
972 4588 1103 4658 triumph.
1124 4588 1195 4658 Cap.
1216 4589 1251 4644 ad
1272 4605 1296 4643 a.
1316 4589 1466 4643 ooo=8u

389 4658 410 4762 Ξ)
432 4656 490 4711 Cic.
510 4657 587 4740 Verr.
608 4674 664 4712 acc.
686 4658 777 4725 11190,
793 4679 840 4718 atr.

388 4733 412 4869 ιζ
432 4727 627 4870 ΡΡὲῗΙΥΙζὫῧ
641 4729 813 4883 ἓ1111176116161.
838 4729 875 4784 lV
897 4730 964 4784 1367
985 4746 1027 4799 sq.

387 4870 410 4937 ⁶)
433 4870 552 4925 Brandrs
571 4888 616 4941 ap.
637 4871 824 4942 Pauly-Wrss.
844 4870 1017 4942 Realencycl.
1039 4873 1048 4926 l
1072 4874 1122 4929 190
1142 4888 1204 4943 sqq.

388 4940 412 5082 23
432 4941 658 5083 {iletegulkxglc
678 4943 752 5014 App.
772 4943 866 4998 Mithr.
885 4943 929 4999 29.

228 5156 245 5211 d
276 5082 410 5212 Heme?
429 5058 616 5214 ἓῐῖἓῃξὲῐῐῖῗ
626 5056 764 5228 3Ιζ831158ἒ3.
786 5085 901 5154 1Χ7,1;
926 5085 999 5156 App.
1020 5086 1036 5140 l.
1056 5101 1083 5154 c;
1109 5085 1181 5141 Plut.
1201 5087 1218 5142 l.
1237 5102 1264 5154 c;
1289 5086 1322 5142 ci.
1342 5088 1460 5146 omnino
1482 5088 1640 5161 llertzberg
1663 5088 1769 5147 Desch.
1789 5089 2014 5148 Oriechenlands
2035 5095 2096 5150 unt.
