4416 5700
1057 201 1156 296 ars

202 417 271 482 Sall.
297 417 360 495 lug·
384 419 475 492 95‚l:
511 431 538 485 Ι..
557 428 634 486 Sulla
654 431 791 500 quaestor
808 443 873 485 cum
893 444 1000 500 magno
1020 428 1148 498 equitatu
1173 429 1202 484 in
1220 432 1313 484 castra
1332 428 1421 497 venit,
1441 443 1515 498 quos
1535 428 1574 484 uti
1595 444 1631 483 ex
1652 428 1730 485 Latio
1754 434 1782 485 et
1806 445 1822 484 a
1842 428 1927 485 sociis
1946 429 2071 499 cogeret,

417 501 525 561 Romae
545 501 657 558 relictus
677 505 736 557 erut
757 502 784 569 (a
804 500 837 556 C.
857 501 970 570 Mario).

203 595 245 659 lb.
271 598 380 671 losa:
416 608 537 680 (Legati)
559 607 705 678 quaestori
726 608 862 663 mandata
882 605 985 662 Bocchi
1004 605 1185 676 patefaciunt

204 703 245 765 lb.
265 704 375 778 loon:
410 715 506 800 Volux
529 715 685 771 adveniens
710 716 892 785 quaestorem
918 713 1042 784 appellat
1066 714 1190 784 dicitque
1214 730 1246 769 se
1270 730 1286 770 a
1311 717 1389 784 patre
1419 713 1532 770 B0cctro
1556 713 1670 769 obviam
1696 713 1749 768 illis
1774 713 1857 768 simul
1882 718 1909 769 et
1928 713 2072 784 praesidio

417 803 545 842 missum.

204 899 247 962 lb.
271 902 380 975 iras:
411 912 469 968 Ubi
488 911 550 967 dies
570 912 684 967 advenit
704 914 731 966 et
751 910 776 966 ei
798 909 934 979 (Boccho)
956 910 1114 965 nuntiatum
1135 912 1179 965 est
1203 910 1367 981 iugurtham
1396 910 1473 965 haud
1502 910 1599 980 procul
1620 910 1737 979 abesse,
1761 926 1825 966 cum
1851 911 1949 980 paucis
1974 910 2073 965 amicis

418 987 446 1039 et
464 987 617 1053 quaestore
636 985 736 1038 nostro
755 982 836 1052 quasi
856 981 959 1037 obvius
979 982 1097 1037 honoris
1120 997 1206 1037 causa
1225 981 1353 1052 procedit
1372 981 1400 1036 in
1419 986 1560 1036 tumulum
1580 981 1755 1037 facillumum
1774 983 1836 1037 visu
1862 981 2073 1037 insidiantibus.

206 1096 266 1158 [iv.
291 1113 337 1173 ep.
364 1094 469 1157 lxvi:
495 1107 629 1190 lugurlha
644 1107 744 1192 pulsus
763 1106 827 1162 aC.
842 1106 934 1191 Mario
950 1107 1098 1175 Numidia,
1118 1123 1181 1161 curn
1196 1106 1302 1162 auxilio
1320 1106 1435 1191 bocchi,
1454 1107 1621 1162 Mauromm
1641 1124 1671 1163 re
1694 1108 1725 1174 's,
1744 1107 1858 1163 adiutus
1878 1111 1963 1175 esset,
1982 1106 2075 1190 caesis

418 1178 528 1250 proelio
548 1178 651 1235 Hoccln
671 1194 789 1304 quoque
808 1193 898 1248 copus
918 1178 1034 1234 nolente
1055 1177 1168 1234 Boccho
1188 1178 1293 1233 bellum
1319 1178 1465 1234 rnielrcrter
1483 1183 1647 1249 susceptum
1692 1180 1777 1234 iutius
1801 1180 1940 1234 sustinere
1964 1181 2075 1234 vinctus

419 1250 455 1306 ab
475 1266 511 1306 eo
531 1253 559 1306 et
577 1250 670 1306 Mario
689 1254 730 1305 tra
752 1252 807 1305 itus
828 1256 884 1305 esi:
904 1249 931 1304 in
953 1265 1009 1320 qua
1029 1265 1059 1305 re
1078 1249 1230 1321 praecipua
1249 1265 1337 1320 opera
1358 1251 1385 1305 L
1405 1249 1531 1306 Cornelii
1551 1249 1654 1319 Sullae,
1674 1251 1834 1320 quaestoris
1854 1250 1945 1318 Marii,
1965 1248 2024 1305 luit.

206 1381 286 1460 ᾹΡΡ.
310 1381 438 1442 ΝΙΙΙΠῙΕῙ·
456 1380 513 1458 fig·
533 1381 566 1441 4:
603 1392 659 1461 (Ad
686 1392 829 1448 Bocchum
857 1393 935 1448 missi
961 1396 1037 1461 sunt)
1065 1392 1152 1452 Ar'vlo'e
1178 1414 1204 1445 re
1229 1393 1349 1452 Μάλλιος
1374 1395 1389 1444 ὁ
1412 1393 1574 1463 πρεσβευτὴς
1593 1394 1638 1446 καὶ
1657 1394 1803 1462 Κορνήλιος
1824 1394 1927 1452 Σύλλας
1945 1393 2075 1459 daupeins.

206 1504 336 1569 DlOdOl'.
354 1504 480 1567 XXXIV
497 1506 553 1568 39:
580 1518 688 1585 Βόκχος
708 1559 784 1573 .....
803 1517 928 1586 συνέλαβε
947 1516 991 1568 τὸν
1007 1517 1144 1585 Ἰογόρθαν
1163 1517 1208 1570 καὶ
1231 1518 1314 1586 δήσας
1332 1519 1473 1585 παρέδωκε
1493 1519 1602 1586 Λευκίῳ
1622 1518 1710 1586 Σύλλᾳ
1730 1525 1766 1585 τῷ
1786 1519 1864 1586 ταμίᾳ
1889 1525 1925 1584 τῷ
1943 1517 2009 1585 πρὸς
2029 1517 2078 1585 τὴν

419 1590 593 1658 παράπεμψιν
611 1589 797 1657 ἕκπεμφθὲνιι.

207 1702 282 1766 Veli·
307 1702 330 1763 ΙΙ
353 1703 439 1777 12,r:
470 1712 504 1769 C.
524 1713 633 1769 Marius
654 1713 806 1841 [finSullam
827 1756 921 1769 ......
941 1717 1123 1785 quaestorem
1144 1714 1242 1770 habuit
1262 1718 1289 1770 et
1308 1730 1443 1787 pereum
1464 1716 1583 1772 missum
1603 1716 1639 1771 ad
1659 1732 1757 1787 regem
1778 1714 1920 1772 Bocchum
1941 1712 2079 1785 iugurtha

421 1801 488 1856 rege
508 1826 605 1840 ......
626 1801 664 1855 ρο
719 1801 803 1841 ses.

209 1899 334 1977 Eutrop.
355 1899 394 1961 lv
408 1900 463 1960 27:
496 1910 626 1983 (Marius)
654 1915 683 1968 et
708 1911 769 1996 ipse
800 1912 907 2040 opgida
933 1911 1086 1967 Numidiae
1110 1911 1184 1983 cepit
1208 1910 1343 1981 belloque
1367 1911 1518 1966 terminum
1539 1911 1634 1982 posuit
1653 1915 1737 1983 capto
1759 1910 1893 1983 iugurtha
1916 1926 1966 1982 per
1990 1926 2080 1980 quae·

422 1986 528 2038 storem
549 1998 632 2038 suum
652 1982 819 2040 Comelrum
859 1984 954 2038 ullam.

208 2094 273 2157 Val.
292 2094 373 2156 Max·
392 2094 432 2156 Vl
450 2096 519 2168 926:
549 2107 665 2162 l......
685 2107 762 2164 Sulla
786 2123 878 2177 usque
902 2106 939 2161 ad
963 2109 1135 2176 quaesturae
1158 2122 1229 2163 suae
1253 2106 1367 2162 comitia
1391 2106 1476 2162 vitam
1497 2105 1629 2174 libidine,
1648 2106 1729 2174 vino,
1749 2105 1872 2162 ludicrae
1892 2106 1958 2161 artis
1978 2121 2081 2162 amore

422 2178 597 2262 inquinatam
622 2179 763 2262 perduxit
801 2179 984 2261 Quapropter
1007 2177 1040 2234 C.
1061 2179 1183 2234 Marium
1204 2178 1353 2233 consulem
1373 2179 1494 2234 moleste
1513 2177 1613 2261 tulisse
1632 2177 1761 2246 traditur,
1786 2178 1865 2247 quod
1886 2177 1939 2233 sibi
1959 2178 2081 2249 asperri-

422 2265 501 2305 mum
521 2266 550 2305 m
570 2249 662 2306 Alnca
683 2250 789 2306 bellum
809 2253 918 2321 gerenti
937 2253 995 2305 tam
1015 2250 1152 2307 delicatus
1174 2255 1310 2321 quaestor
1328 2254 1405 2304 sorte
1423 2249 1598 2305 obvenisset.

210 2359 252 2424 lb.
277 2361 316 2422 ΙΧ
341 2362 393 2436 2,l
420 2365 505 2423 exit:
533 2374 573 2438 (L
593 2373 681 2442 Sulla)
702 2373 735 2429 C.
755 2373 846 2442 Marii,
866 2375 955 2442 cuius,
975 2374 1027 2431 etsi
1047 2379 1148 2445 postea
1168 2374 1268 2443 hostis,
1288 2377 1425 2444 quaestor
1443 2378 1539 2430 lamen
1558 2374 1714 2443 aliquando
1733 2372 1832 2441 tuerat,
1852 2375 1949 2428 erutos
1968 2372 2081 2429 cineres

423 2445 451 2500 in
471 2444 589 2501 Anienis
608 2445 720 2501 alveum
740 2445 850 2516 sparsit.

210 2538 253 2601 lb.
277 2539 343 2601 Vlll
366 2540 447 2615 ll,4.

210 2646 303 2709 Oros.
327 2645 355 2708 V
376 2648 427 2720 15;
451 2644 534 2723 [Aur.
558 2646 644 2726 Vict]
668 2646 708 2707 de
731 2647 783 2708 vir.
808 2646 847 2708 ill.
872 2647 923 2720 75,
932 2661 958 2712 2.

371 2788 462 2864 Sulla,
486 2790 539 2865 qui
564 2806 635 2849 cum
661 2788 696 2850 C.
720 2789 820 2850 Mario
845 2788 959 2850 bellum
984 2788 1073 2849 civile
1100 2790 1274 2864 concitavit,
1302 2807 1374 2851 curn
1398 2788 1549 2866 stipendia
1582 2789 1739 2850 meruisset
1767 2789 1864 2863 nulla,
1891 2787 2079 2849 tricesimum

210 2878 288 2940 vitae
316 2895 433 2939 annum
466 2894 562 2955 agens
584 2896 609 2938 a
635 2877 754 2939 646:
773 2880 832 2939 108
864 2882 1057 2954 quaesturam
1088 2879 1199 2955 petivit
1246 2877 1373 2941 Creatus
1402 2882 1483 2939 sorte
1512 2878 1611 2939 Mario
1642 2895 1705 2938 cos.
1729 2876 1863 2939 obvenit
1909 2877 1974 2948 Qui
2006 2894 2080 2937 curn

212 2967 401 3045 provinciam
428 2965 560 3027 Africam
589 2968 754 3043 accepisset
782 2966 961 3043 bellumque
989 2984 1060 3027 cum
1086 2967 1230 3044 iugurtha
1258 2985 1364 3046 gerere
1391 2985 1408 3028 a
1437 2968 1557 3044 populo
1582 2967 1683 3027 iussus
1710 2970 1800 3040 esset,
1828 2969 2021 3043 quaestorem
2048 2966 2079 3026 in

213 3057 293 3117 ltalia
315 3056 444 3132 reliquit,
468 3055 522 3116 ubi
546 3061 575 3116 et
599 3055 692 3118 Latini
718 3057 854 3116 nominis
877 3060 905 3117 et
923 3056 1080 3117 sociorum
1100 3058 1218 3133 equites
1237 3060 1368 3135 cogeret,
1393 3057 1458 3133 ipse
1476 3073 1546 3117 vere
1564 3073 1589 3116 a.
1610 3056 1673 3117 647
1692 3083 1733 3107 =
1756 3057 1814 3116 107
1836 3057 1866 3116 in
1888 3054 2080 3132 provinciam

212 3143 368 3222 proiectus
390 3148 443 3206 est
491 3145 536 3205 Εο
559 3162 643 3207 anno
665 3145 705 3206 ad
730 3145 928 3206 Muluccham
952 3144 1083 3220 flumen,
1111 3162 1177 3222 quo
1202 3145 1350 3207 Numidia
1378 3153 1406 3206 el
1430 3146 1618 3206 Mauretania
1645 3144 1874 3219 dividebantur,
1899 3160 2084 3221 progressus

212 3237 268 3310 est,
300 3237 332 3294 ut
361 3233 517 3294 castellum
548 3233 710 3295 obsideret.
756 3234 833 3305 Quo
857 3233 940 3298 Sulla
964 3251 1079 3310 magno
1103 3251 1174 3295 cum
1198 3235 1331 3311 equitatu
1354 3231 1484 3295 advenit
1524 3234 1629 3295 Primo
1654 3238 1778 3311 propter
1801 3233 1871 3294 belli
1897 3233 2081 3310 imperitiam

212 3323 353 3399 vitaeque
376 3322 486 3399 prioris
510 3322 659 3384 luxuriam
685 3323 804 3384 consuli
829 3324 946 3384 invisus
970 3340 1043 3384 mox
1066 3327 1095 3385 et
1118 3323 1250 3385 consilio
1273 3327 1302 3384 et
1325 3325 1434 3384 virtute
1464 3323 1582 3385 militari
1611 3323 1841 3400 acceptissimus
1860 3321 1925 3384 tuit.
1954 3320 2085 3395 Quibus

211 3412 328 3474 artibus
351 3411 434 3473 brevi
459 3412 595 3472 consulis
619 3411 813 3489 militumque
835 3413 960 3490 gratiam
985 3411 1043 3473 sibi
1067 3412 1280 3487 conciliaverit
1304 3412 1463 3474 Sallustius
1487 3412 1529 3473 96
1553 3411 1704 3473 describit
1737 3411 1888 3488 Equitatui
1914 3409 2085 3488 praelectus

213 3504 266 3562 est
316 3500 392 3561 Mox
425 3501 620 3562 occasionem
654 3501 695 3561 rei
729 3501 808 3563 bene
840 3501 993 3578 gerendae
1026 3506 1154 3563 nanctus
1186 3505 1238 3564 est
1290 3501 1461 3562 Exercitum
1494 3502 1576 3562 enim
1611 3501 1641 3561 in
1675 3499 1803 3562 hiberna
1836 3499 2084 3577 proticiscentem

214 3589 359 3668 iugurtha
382 3594 410 3651 et
435 3588 585 3663 Bocchus,
610 3590 815 3651 Mauretaniae
839 3608 903 3666 rex,
934 3589 1016 3651 haud
1041 3591 1136 3668 longe
1157 3589 1198 3652 ab
1221 3590 1342 3668 oppido
1366 3589 1449 3652 Cirta
1471 3594 1554 3651 tanto
1580 3591 1695 3667 impetu
1721 3591 1903 3665 invaserunt,
1928 3593 1960 3650 ut
1983 3606 2086 3666 prope

215 3681 274 3741 iam
306 3683 420 3756 partam
452 3679 608 3740 victoriam
639 3681 845 3757 opinarentur.
891 3679 931 3741 Αι
953 3679 1049 3754 Sulla,
1080 3680 1132 3755 qui
1164 3697 1235 3741 cunr
1267 3678 1421 3756 equitibus
1452 3680 1481 3739 in
1513 3679 1620 3740 dextro
1651 3696 1748 3740 cornu
1772 3682 1846 3753 erat,
1874 3678 2004 3755 repulsis
2028 3678 2084 3754 qui

214 3770 241 3829 ei
265 3768 390 3830 obviarn
414 3767 482 3829 iacti
506 3773 602 3844 erant,
626 3771 807 3846 opprimens
829 3787 847 3830 a
871 3770 961 3830 latere
985 3768 1144 3830 Bocctrum
1170 3771 1200 3829 in
1229 3768 1336 3846 lugam
1365 3769 1508 3843 coniecit,
1537 3786 1600 3829 rem
1627 3768 1796 3833 Romanam
1821 3768 1953 3828 restituit.
2000 3767 2085 3827 Tum

215 3856 319 3920 hostes
350 3855 488 3933 undique
517 3856 618 3937 tusill.
665 3857 826 3919 Autumno
856 3876 881 3919 a.
906 3858 1102 3920 olr=107
1137 3858 1266 3921 Romani
1296 3858 1411 3920 Cirtam
1443 3862 1653 3935 pervenerunt.
1700 3857 1762 3919 Ubi
1789 3855 1878 3923 ,brevi
1910 3859 1981 3932 post
2010 3872 2085 3916 cum

216 3947 304 4025 legati
330 3945 444 4007 Bocchi
474 3946 615 4008 aMario
647 3948 835 4024 petivissent,
866 3951 898 4008 ut
925 3947 1007 4008 duos
1031 3948 1115 4025 pacis
1138 3948 1340 4008 internuntios
1367 3945 1406 4007 ad
1435 3964 1505 4008 eum
1533 3948 1671 4021 mitteret,
1700 3945 1750 4006 ille
1773 3945 1888 4007 Sullam
1919 3962 1979 4005 una
2010 3962 2085 4006 cum

217 4036 334 4097 Manlio
358 4036 458 4112 legato
489 4035 642 4112 proticisci
674 4037 766 4097 iussit
822 4035 871 4098 Ad
902 4054 1006 4114 regem
1037 4054 1107 4097 cum
1140 4037 1305 4111 venissent,
1336 4039 1479 4113 quaestor
1509 4036 1679 4096 orationem
1711 4033 1818 4096 lrabuit
1847 4034 2087 4110 callidissimam,

216 4143 295 4203 quae
317 4143 335 4187 a
359 4124 502 4187 Sallustio
525 4126 631 4186 tradita
654 4129 705 4187 est
738 4126 798 4188 Sed
823 4126 972 4202 quoniam
996 4130 1070 4187 tunc
1095 4125 1257 4203 iugurthae
1280 4126 1344 4186 sive
1366 4126 1460 4202 gratia
1483 4126 1547 4185 sive
1571 4127 1701 4201 pecunia
1724 4119 1807 4201 apud
1829 4123 1988 4184 Bocchum
2013 4123 2088 4200 plus

215 4214 334 4277 valebat
364 4231 456 4291 quam
489 4214 659 4290 quaestoris
683 4214 812 4279 Romani
844 4233 915 4275 cum
944 4216 1075 4292 gravitas
1104 4220 1169 4276 tunr
1200 4213 1357 4289 facundia,
1388 4213 1472 4275 Sulla
1503 4212 1610 4274 inlecta
1641 4231 1672 4274 re
1696 4213 1792 4275 rediit
1840 4212 2029 4289 Legionibus
2053 4212 2086 4272 in

217 4304 353 4365 hibernis
382 4305 493 4365 interea
520 4304 677 4364 collocatis
707 4305 822 4365 Marius
850 4321 922 4364 curn
952 4309 1035 4381 parte
1062 4305 1209 4364 exercitus
1233 4304 1354 4364 Turrim
1386 4302 1510 4380 Regiam
1539 4302 1767 4379 expeditionem
1795 4301 1893 4363 lacere
1921 4301 2087 4363 constituit

216 4393 308 4464 Quae
331 4395 403 4470 quia
426 4397 506 4454 extra
531 4394 720 4469 provinciam
745 4398 814 4466 erat
838 4412 909 4454 cunr
933 4394 986 4469 qui
1012 4393 1076 4454 vice
1099 4409 1154 4452 sua
1176 4391 1361 4469 iungeretur,
1385 4393 1411 4452 ei
1436 4409 1518 4469 opus
1536 4395 1621 4465 esset,
1646 4408 1732 4452 more
1751 4396 1869 4453 vetusto
1889 4395 2087 4467 quaestorem

217 4482 320 4560 elegit,
350 4484 402 4559 qui
434 4481 510 4543 dum
542 4483 608 4559 ipse
636 4481 766 4557 abesset,
798 4500 854 4559 pro
886 4486 1023 4558 praetore
1050 4499 1122 4542 cum
1152 4482 1281 4558 imperio
1311 4480 1446 4542 bibernis
1474 4479 1665 4558 praeessct2).
1704 4481 1784 4541 Tum
1815 4482 1921 4541 iterum
1951 4480 2039 4556 legati
2068 4497 2089 4541 a

219 4571 344 4632 Boccho
367 4571 406 4632 ad
432 4571 590 4636 Romanos
618 4570 657 4631 de
686 4588 760 4647 pace
785 4572 867 4631 missi
896 4576 975 4632 sunt.
1022 4571 1086 4643 Qui
1116 4588 1186 4631 cum
1216 4571 1246 4631 in
1276 4572 1381 4631 itincre
1403 4587 1420 4630 a
1444 4569 1584 4631 Gaetulis
1608 4570 1761 4647 intercepti
1785 4587 1821 4630 ac
1845 4569 1952 4645 direpti
1976 4572 2089 4643 essent,

217 4660 342 4722 aSulla
366 4665 398 4721 ut
420 4665 541 4738 gratum
566 4661 629 4738 regi
654 4659 771 4735 iaceret,
795 4661 929 4736 benigne
953 4661 1068 4736 excepti
1093 4658 1205 4738 sunt3).
1253 4658 1379 4722 Circiter
1402 4657 1604 4736 quadraginta
1627 4657 1693 4719 dies
1717 4659 1830 4732 Uticae,
1855 4657 1907 4718 ubi
1939 4659 1988 4719 ille
2015 4661 2088 4732 erat,

218 4748 465 4827 opperiebantur.
502 4750 582 4810 Turn
607 4766 624 4809 a
648 4749 761 4825 Mario,
786 4751 839 4826 qui
865 4749 983 4810 interim
1008 4749 1147 4823 redierat,
1172 4749 1286 4809 Cirtam
1311 4766 1382 4809 cum
1407 4747 1491 4810 Sulla
1514 4751 1617 4809 venire
1641 4748 1712 4809 iussi
1736 4752 1820 4822 sunt;
1845 4747 1985 4821 indutias,
2009 4763 2089 4822 quas

219 4836 426 4916 postulabant,
457 4839 700 4916 impetraverunt
746 4838 873 4911 Quibus
903 4838 995 4899 rebus
1024 4838 1157 4914 cognitis
1182 4836 1325 4897 Bocchus
1355 4854 1409 4913 per
1438 4837 1546 4897 litteras
1576 4854 1593 4897 a
1622 4837 1721 4899 Mario
1755 4837 1871 4914 petivit,
1903 4837 1944 4897 uti
1976 4836 2087 4897 iterum

381 5015 402 5119 ᾗ)
423 5011 488 5068 Sall.
507 5012 555 5076 vu
575 5012 623 5078 un
644 5014 707 5078 roo;
729 5014 787 5067 101.

381 5087 402 5224 ³3
423 5082 497 5225 λῖλλ)
510 5084 633 5210 λλλλιηίᾱ.
652 5153 704 5224 irg.
726 5157 754 5221 5;
775 5153 839 5209 Sall.
859 5155 900 5220 ib;
922 5153 993 5209 Plut.
1013 5153 1080 5209 Sull.
1098 5155 1123 5208 3.
