4418 5692
992 291 994 294 ,
1084 230 1103 297 4

165 448 291 530 Ligures
314 451 467 529 processit
499 448 563 524 Qui
588 455 781 527 quaestorem
803 451 978 516 Romanum
1003 451 1039 513 C.
1057 449 1197 511 Fulvium
1222 451 1313 512 simul
1340 467 1464 528 unaque
1486 468 1557 513 cum
1584 447 1614 514 L.
1636 450 1775 514 Lucretio
1799 454 1927 533 collega,
1950 451 2027 517 dum

162 541 245 619 apud
262 558 326 615 eos,
350 545 460 601 utrem
478 540 648 605 Romanam
665 543 873 616 sustentarent,
892 543 1056 614 versantur,
1071 558 1125 615 per
1141 539 1266 602 insidias
1280 544 1426 618 ceperunt
1441 546 1610 617 captosque
1627 540 1802 618 Hannibali,
1822 549 1855 605 ut
1869 548 2027 622 tamquam

164 631 295 708 pignora
319 629 391 691 iidei
415 635 523 705 essent,
547 628 738 690 dediderunt

966 822 1002 902 L
1032 821 1233 901 Lucretius.

325 971 355 1032 L.
380 970 535 1031 Lucretius
556 987 583 1031 a.
608 969 672 1031 536
685 996 727 1020 =
741 969 805 1029 218
829 971 972 1046 quaestor
994 985 1012 1029 a
1031 967 1196 1046 Liguribus
1218 985 1290 1030 cum
1312 968 1458 1033 Romanis
1481 968 1697 1031 rebellantibus
1718 971 1883 1034 Hannibali
1907 970 2028 1035 deditus

164 1062 221 1134 est;
244 1060 314 1121 vide
337 1077 418 1137 quae
440 1077 532 1137 supra
555 1057 615 1120 sub
640 1059 675 1121 C
701 1057 809 1120 Fulvio
833 1057 1014 1119 dictasunt

830 1269 884 1348 Ti.
914 1268 1161 1372 Sempronius
1192 1269 1357 1348 Blaesus.

166 1417 226 1479 [ἰν.
251 1417 333 1478 ΧΧΙΙ
354 1418 444 1491 3l‚5:
465 1429 509 1484 hd
523 1428 599 1484 mille
614 1428 763 1483 hominum
783 1443 847 1483 cum
867 1429 908 1483 Ti.
922 1428 1093 1500 Sempronio
1115 1429 1217 1484 Blaeso
1232 1431 1385 1499 quaestore
1400 1429 1546 1485 amissum.
1575 1427 1685 1484 Classis
1699 1430 1736 1485 ab
1756 1429 1884 1486 litoribus
1902 1430 2027 1487 hostiurn

378 1500 470 1571 plenis
489 1499 597 1571 trepide
617 1500 710 1555 soluta
730 1499 758 1554 in
777 1498 899 1555 Siciliam
919 1516 1032 1556 cursum
1052 1501 1149 1556 tenuit.

326 1595 451 1656 Blaesus
479 1595 536 1658 Cn.
561 1595 689 1658 Servilio
718 1595 856 1657 Gemino
885 1612 948 1657 cos.
995 1595 1192 1657 537=217
1221 1599 1367 1671 quaestor
1392 1593 1555 1656 adiunctus
1583 1598 1651 1657 erat.
1675 1595 1740 1669 Qui
1769 1601 1934 1674 postquam
1965 1599 2029 1663 Kal.

166 1685 251 1746 Mart
277 1684 393 1749 Romae
418 1685 625 1762 magistratum
651 1684 757 1759 iniitll,
780 1683 891 1745 exinde
914 1701 983 1745 vere
1008 1685 1037 1744 in
1063 1684 1164 1746 Gallia
1188 1683 1344 1760 Cisalpina
1368 1700 1467 1761 prope
1486 1684 1660 1745 Ariminum
1685 1702 1756 1745 cum
1781 1688 1911 1748 exercitu
1936 1685 2029 1762 erat2l

165 1775 304 1851 leviaque
339 1774 454 1851 proelia
491 1790 562 1834 cum
596 1773 696 1836 Gallis
727 1774 881 1835 seditiosis
917 1773 994 1835 iecit.
1045 1773 1126 1836 Cum
1162 1773 1198 1835 C.-
1231 1773 1414 1834 Flaminium
1448 1772 1598 1851 collegam
1632 1776 1862 1852 exercitumque
1893 1777 1958 1837 eius
1990 1775 2029 1837 ad

165 1863 388 1924 Trasumenum
418 1863 518 1924 lacum
546 1863 585 1923 ab
610 1861 784 1925 Hannibale
811 1868 986 1939 superatum
1014 1866 1106 1939 atque
1133 1880 1255 1923 caesum
1280 1879 1346 1922 esse
1368 1863 1579 1939 comperisset,
1606 1863 1645 1924 ad
1675 1862 1782 1925 urbem
1813 1867 1866 1926 iter
1894 1865 2029 1942 intendit,

166 1952 305 2029 legiones
333 1970 369 2013 ex
397 1957 519 2014 senatus
546 1953 669 2013 decreto
697 1952 738 2023 Q.
768 1952 862 2013 Fabio
892 1953 1029 2013 Maximo
1058 1951 1194 2012 dictatori
1222 1949 1352 2012 tradidit.
1400 1951 1425 2012 Α
1454 1968 1519 2028 quo
1548 1952 1642 2029 paulo
1671 1957 1741 2029 post
1768 1970 1838 2014 oras
1866 1954 2030 2016 maritimas
2102 1947 2110 1952 ’

167 2042 266 2104 llaliae
288 2046 317 2103 et
340 2040 508 2102 insularum
533 2040 696 2116 custodire,
719 2042 846 2103 classem
865 2040 1011 2101 Punicam
1037 2041 1188 2117 persequi,
1212 2040 1327 2101 bellum
1353 2041 1383 2099 in
1401 2039 1533 2101 Africam
1558 2041 1717 2103 transferre
1741 2042 1841 2103 iussus
1864 2046 1915 2104 est
1947 2042 2029 2105 Cum

165 2131 260 2191 classe
283 2136 405 2192 centum
430 2130 535 2208 viginti
560 2131 684 2191 navium
704 2129 860 2191 Sardiniae
882 2134 912 2191 et
930 2129 1074 2192 Corsicae
1096 2146 1166 2191 oras
1190 2130 1412 2190 circumvectus
1432 2135 1595 2207 postquam
1620 2129 1798 2209 complures
1820 2131 2031 2209 expeditiones

166 2236 316 2298 prospero
339 2225 449 2281 eventu
475 2219 552 2291 lecit,
576 2220 606 2280 in
632 2219 764 2281 Africam
788 2220 907 2280 traiecit.
954 2218 1002 2280 nd
1027 2219 1097 2280 litus
1120 2236 1191 2279 cum
1214 2219 1396 2293 accessisset,
1422 2219 1531 2280 milites
1555 2220 1585 2279 in
1614 2236 1707 2296 agros
1735 2219 1911 2298 praedatum
1942 2220 2029 2281 misit

166 2308 230 2381 Qui
256 2308 331 2370 dum
357 2310 507 2370 incautius
530 2307 712 2383 discurrunt,
735 2308 838 2370 subito
864 2309 893 2368 in
919 2308 1044 2369 insidias
1068 2308 1239 2368 inciderunt
1262 2311 1383 2368 etcum
1409 2325 1521 2385 magna
1544 2307 1631 2369 clade
1652 2307 1692 2369 ad
1716 2325 1802 2369 oram
1827 2309 1926 2370 reiecti
1950 2313 2029 2371 sunt.

166 2397 293 2460 Circiter
317 2397 400 2459 mille
423 2397 541 2472 milites,
564 2398 594 2457 in
619 2397 668 2459 his
692 2398 831 2459 Blaesum
857 2402 1059 2474 quaestorem,
1082 2397 1213 2458 amissos
1236 2413 1302 2458 esse
1327 2396 1429 2457 Livius
1450 2395 1612 2476 tradidlt3).

1001 2607 1038 2690 L
1064 2607 1206 2687 Atilius,

168 2755 229 2817 Liv.
249 2754 332 2816 xxll
353 2755 449 2830 49,15
468 2782 515 2836 sq:
543 2764 740 2837 Quadraginta
763 2766 890 2836 quinque
909 2766 985 2821 milia
1009 2765 1156 2836 quingenti
1176 2765 1294 2836 pedites.
1319 2767 1378 2821 duo
1397 2767 1473 2822 milia
1493 2767 1665 2838 septingenti
1685 2768 1797 2839 equites
1816 2809 1930 2825 .......
1955 2769 2031 2826 caesi

380 2840 524 2904 dicuntur;
543 2837 571 2893 in
591 2837 634 2892 his
654 2837 741 2893 ambo
760 2840 910 2893 consulum
930 2843 1106 2907 quaestores,
1128 2837 1155 2891 L
1175 2836 1277 2892 Atilius
1297 2843 1324 2893 et
1345 2837 1371 2893 L.
1393 2838 1491 2893 furius
1512 2838 1672 2895 Bibaculus.

329 2934 359 2996 L
385 2934 494 2995 Atilius
520 2950 546 2994 a.
572 2933 690 2994 538:
705 2932 769 2994 216
792 2933 922 2993 alterutri
945 2932 1017 2993 anni
1041 2933 1207 2993 consulum
1231 2938 1376 3008 quaestor
1402 2932 1524 2994 additus
1552 2939 1627 3010 erat;
1653 2935 1683 2995 L.
1708 2934 1841 2996 Aemilio
1866 2934 1964 2995 Paulo
1991 2952 2030 2995 an

168 3024 204 3086 C.
227 3024 369 3085 Terentio
393 3023 537 3096 Varroni,
565 3020 707 3083 traditum
737 3038 800 3081 non
830 3025 881 3083 est
934 3020 965 3081 ln
995 3021 1114 3099 proelio
1138 3020 1293 3083 Cannensi
1323 3038 1383 3082 una
1411 3039 1482 3082 cum
1509 3021 1657 3084 Bibaculo
1685 3023 1804 3101 collega
1831 3025 1952 3084 occisus
1979 3027 2031 3084 est.

881 3249 917 3328 L.
947 3249 1078 3329 Furius
1108 3250 1318 3330 bibaculus

329 3396 377 3458 De
394 3395 541 3457 Bibaculo
566 3395 649 3470 nihil,
674 3395 731 3456 nisi
755 3413 826 3456 eum
853 3396 881 3455 in
907 3413 1013 3473 pugna
1036 3395 1075 3457 ad
1092 3395 1215 3459 Cannas
1238 3396 1314 3457 iacta
1337 3414 1363 3457 a.
1389 3398 1451 3457 538
1467 3424 1507 3447 z
1523 3397 1586 3458 216
1603 3400 1795 3473 quaestorem
1816 3414 1939 3459 caesum
1959 3415 2032 3472 esse,

170 3488 316 3560 innotuii;
340 3485 411 3547 vide
433 3502 524 3562 supra
549 3485 579 3545 L.
605 3485 741 3546 Atilium.

738 3675 809 3757 Cn.
838 3676 1039 3758 Cornelius
1070 3679 1149 3759 Li.
1171 3678 1207 3758 L.
1227 3705 1261 3759 n.
1283 3680 1469 3759 Lentulus.

170 3826 232 3888 [ἰν.
249 3825 333 3886 XXV
358 3826 433 3899 l'l‚b
452 3854 500 3907 sq:
520 3836 630 3908 Capitis
649 3840 758 3894 tantum
778 3836 898 3893 Gracchi
919 3838 1018 3894 hostes
1038 3839 1117 3910 potiti
1138 3843 1219 3905 sunt;
1239 3855 1275 3895 eo
1289 3839 1385 3895 delato
1400 3839 1435 3894 ad
1452 3839 1644 3894 Hannibalem
1660 3837 1765 3893 missus
1780 3836 1817 3891 ab
1830 3851 1868 3891 eo
1881 3835 2032 3892 confestim

383 3908 527 3977 Carthalo,
573 3909 601 3964 ui
625 3909 652 3964 in
676 3913 767 3965 castra
788 3908 916 3967 Romana
940 3911 975 3965 ad
1000 3909 1054 3966 Cn.
1073 3910 1241 3967 Cornelium
1265 3915 1448 3981 quaestorem
1472 3910 1603 3967 deferret.
1642 3910 1668 3964 Ls
1693 3908 1779 3963 lunus
1803 3907 1982 3978 imperatoris
2006 3909 2033 3962 in

383 3980 481 4036 castris
501 3981 560 4036 cele
583 3981 709 4036 rantibus
729 3996 793 4036 cum
814 3981 937 4037 exercitu
959 3980 1168 4037 Beneventanis
1187 3982 1259 4038 tecit.

172 4075 353 4150 lbid·19,4:
382 4087 520 4158 Equestre
549 4088 687 4158 proelium
713 4091 780 4156 erat,
808 4105 872 4144 cum
902 4089 998 4159 procul
1027 4090 1105 4144 visus
1134 4089 1359 4159 Sempronianus
1388 4088 1536 4152 exercitus,
1565 4086 1609 4141 cui
1636 4084 1690 4142 Cn.
1718 4085 1871 4142 Cornelius
1899 4091 2036 4156 quaestor

384 4164 520 4230 praeerat,
541 4160 651 4230 utrique
671 4161 741 4230 parti
761 4176 858 4231 parem
879 4165 986 4217 melum
1007 4162 1144 4231 praebuit,
1166 4177 1201 4216 ne
1221 4161 1319 4215 hostes
1340 4161 1404 4215 novi
1425 4159 1618 4213 adventarent.

331 4253 484 4327 Lentulus,
512 4254 565 4330 qui
589 4254 760 4315 secundum
789 4254 883 4316 fastos
910 4256 1086 4317 consulares
1113 4254 1152 4314 ad
1176 4273 1201 4314 a.
1228 4256 1290 4314 553
1310 4280 1350 4303 =
1370 4253 1428 4313 201
1463 4253 1492 4312 in
1522 4251 1676 4329 lapidibus
1703 4256 1838 4312 servatos
1862 4251 1892 4313 Ι..
1913 4251 1932 4313 l.
1953 4252 1983 4312 L.
2004 4269 2034 4311 n.

171 4345 355 4419 nominatur,
370 4361 397 4404 a.
417 4344 481 4406 538
496 4370 536 4394 =
551 4344 615 4405 216
630 4344 771 4405 tribunus
787 4346 916 4406 militum
935 4345 999 4405 luit.
1032 4343 1105 4404 Post
1128 4342 1245 4404 cladem
1270 4341 1466 4403 Cannensem
1490 4341 1650 4403 consulem
1669 4342 1698 4403 L.
1716 4340 1883 4402 Aemilium
1902 4340 2033 4402 Paulum

171 4435 310 4494 saucium
335 4450 454 4494 servare
475 4432 584 4493 trustra
608 4437 735 4494 conatus
761 4433 884 4495 Poenos
908 4433 1054 4494 celeritate
1071 4432 1141 4507 equi
1159 4430 1273 4507 eiiugit
1296 4465 1333 4473 -·
1354 4431 1388 4490 Α.
1406 4431 1470 4493 542
1484 4458 1526 4481 =
1541 4431 1603 4492 212
1621 4435 1764 4506 quaestor
1782 4429 1827 4491 Ti.
1848 4429 2034 4504 Sempronio

172 4521 315 4584 Graccho
352 4522 530 4599 proconsuli
565 4521 727 4583 adiunctus
763 4528 814 4584 est.
870 4522 934 4594 Qui
971 4526 1134 4599 postquam
1171 4520 1229 4579 iam
1265 4536 1290 4579 a.
1325 4520 1444 4580 54οε
1459 4520 1522 4580 214
1557 4536 1677 4595 procos
1711 4536 1858 4596 prospere
1889 4517 2035 4579 adversus

173 4610 297 4673 Poenos
320 4616 348 4672 et
374 4611 560 4671 Hannonem
585 4611 695 4672 ducem
719 4612 803 4690 apud
829 4611 1036 4672 Beneventum
1063 4609 1218 4687 pugnavit,
1246 4627 1271 4669 a
1296 4609 1355 4669 541
1374 4636 1415 4659 =
1430 4609 1493 4670 213
1519 4626 1582 4670 cos.
1607 4609 1714 4670 iterum
1744 4609 1774 4668 in
1801 4607 1932 4668 Lucania
1961 4623 2032 4667 cum

171 4700 322 4762 volonum
340 4701 561 4775 sociorumque
580 4703 710 4762 exercitu
727 4705 796 4760 erat.
829 4701 863 4761 Α.
889 4700 1097 4771 542ε212,
1122 4699 1151 4758 in
1175 4715 1269 4774 quem
1293 4699 1320 4759 ei
1346 4699 1508 4775 imperium
1535 4715 1571 4759 ac
1602 4698 1760 4776 provincia
1789 4699 1954 4773 prorogata
1981 4699 2035 4769 est,

170 4807 188 4850 a
212 4789 393 4851 consulibus
424 4789 464 4860 Q.
490 4789 597 4850 Fulvio
625 4795 654 4850 et
678 4791 734 4865 hp.
759 4788 893 4851 Claudio
922 4806 959 4848 ex
984 4788 1113 4849 Lucanis
1137 4786 1343 4848 Beneventum
1368 4804 1440 4848 cum
1465 4787 1598 4864 equitatu
1621 4805 1657 4848 ac
1680 4787 1737 4848 levi
1760 4790 1911 4847 armatura
1935 4786 2037 4846 venire

173 4882 273 4940 iussus
306 4878 481 4956 legionibus
518 4879 683 4955 castrisque
716 4876 877 4939 Lentulum
916 4876 1065 4955 praefecit.
1117 4876 1149 4936 ln
1188 4876 1312 4938 insidias
1346 4876 1496 4938 deductus
1528 4875 1695 4953 proconsul
1728 4893 1746 4936 a
1780 4875 1916 4952 Magone
1949 4875 2036 4935 inter·

335 5053 358 5191 :L
379 5051 598 5248 &gudila
612 5141 638 5188 23
657 5123 700 5189 86,
718 5142 736 5181 r.

334 5197 357 5264 3)
378 5193 429 5249 xx
445 5194 453 5248 l
474 5196 517 5261 31,
533 5215 540 5254 ι
559 5209 627 5263 sqq;
646 5193 680 5249 ci.
701 5193 798 5265 Polyb.
821 5194 855 5248 ill
875 5193 955 5262 9616
968 5209 1030 5263 sqq.
