4416 5700
195 472 292 534 lectus
314 475 365 533 est
413 470 486 532 Post
510 473 640 532 mortem
665 468 797 531 Gracchi
826 485 898 529 cum
924 468 1078 530 Hannibal
1106 468 1146 530 ad
1170 469 1309 545 Capuam
1339 474 1433 530 castra
1457 469 1610 544 movisset,
1639 473 1671 530 ut
1695 468 1812 544 urbem,
1840 487 1921 547 quae
1943 487 1961 531 a
1984 487 2059 531 con·

195 559 314 622 sulibus
336 559 544 634 obsidebatur,
568 558 714 632 liberaret,
741 562 834 634 atque
856 558 987 635 equestri
1017 558 1136 634 proelio
1165 576 1236 619 cum
1262 558 1409 622 Romanis
1436 557 1605 636 confligere
1633 559 1794 636 coepisset,
1822 576 1859 619 ex
1888 559 2059 637 improviso

196 649 341 711 Lentulus
372 648 504 711 Gracchi
534 649 698 709 exercitum
728 646 868 720 adduxit;
900 647 972 708 inde
1002 649 1156 724 utrimque
1185 648 1214 708 in
1245 651 1339 708 castra
1370 646 1499 709 reditum
1533 651 1585 708 est
1631 647 1691 709 Sed
1722 642 1877 722 exercitus,
1906 649 1959 725 qui
1988 649 2059 710 vivo

195 738 339 801 Graccho
364 739 394 799 in
420 737 544 816 proeliis
573 755 716 814 magnam
745 737 884 798 virtutem
914 738 1105 815 praestiterat,
1133 741 1204 814 post
1232 741 1361 798 mortem
1390 736 1478 798 ducis
1505 736 1563 798 sibi
1593 737 1652 797 iam
1681 755 1745 798 non
1774 737 1937 799 conlidens
1965 737 2059 816 paulo

196 832 306 906 posta
328 828 427 906 signis
450 827 595 889 discessit
643 825 796 902 Reliquias
818 829 963 902 quaestor
985 826 1117 904 collegit.
1143 862 1182 870 —
1210 827 1244 887 Α.
1265 827 1329 887 540
1343 854 1384 877 =
1399 827 1462 887 205
1487 826 1636 887 aedilitate
1658 827 1756 888 curuli
1782 844 1843 887 una
1866 844 1937 887 cum
1963 827 2059 889 tucio

195 918 283 979 tratre
306 917 428 978 iunctus
451 921 502 978 est
549 914 584 978 Α.
605 916 809 990 553--201,
833 932 898 991 quo
922 915 1093 977 secundum
1120 915 1271 976 Punicum
1296 915 1411 977 bellum
1436 915 1610 977 conlectum
1635 920 1688 990 est,
1711 917 1820 977 consul
1845 915 1908 977 luit
1956 915 2059 977 livius

197 1006 306 1077 tXXXl
332 1006 431 1085 50,11)
458 1005 515 1068 Cn.
540 1004 689 1067 Cornelio
714 1004 842 1066 lentulo
867 1006 1045 1082 proconsuli
1071 1006 1233 1082 imperium
1261 1005 1427 1082 Hispaniae
1455 1006 1631 1081 provinciae
1659 1006 1688 1066 in
1716 1022 1832 1066 annum
1863 1006 2060 1067 554=200

196 1095 330 1157 delatum
354 1112 419 1156 esse
442 1093 553 1156 scribit
599 1093 659 1156 Sed
683 1093 815 1155 dubium
839 1111 906 1155 esse
934 1111 997 1154 non
1023 1098 1131 1172 potest,
1161 1095 1237 1171 quin
1266 1099 1318 1155 aut
1346 1096 1411 1172 ipse
1436 1094 1537 1155 livius
1565 1111 1667 1156 errore
1694 1099 1801 1172 captus
1828 1095 1865 1155 sit
1892 1099 1944 1156 aut
1972 1095 2060 1156 inter·

197 1186 317 1261 polator
340 1184 456 1245 lentuli
480 1200 658 1260 cognomen
688 1183 765 1244 laiso
793 1182 943 1245 adiecerit
991 1184 1090 1244 lmmo
1119 1184 1177 1247 Cn.
1202 1183 1366 1246 Cornelius
1391 1183 1493 1245 Btaslo
1520 1185 1610 1244 annis
1639 1184 2060 1247 554-550--200-108

198 1274 377 1351 Hispaniam
402 1273 572 1335 citeriorem
597 1271 730 1334 obtinuit
740 1272 771 1348 ¹).

873 1520 918 1602 C
948 1521 1150 1600 Flaminius
1179 1518 1224 1600 C.
1242 1520 1265 1600 1.
1285 1518 1330 1600 C.
1353 1545 1386 1601 n.

198 1669 259 1732 [lv.
283 1668 381 1730 XXV!
408 1669 499 1807 lgm:
521 1680 618 1808 (Qrtraae
642 1681 670 1736 in
697 1681 766 1808 111111
791 1680 967 1752 Carthagine
992 1681 1074 1736 Nova
1099 1685 1180 1751 capta
1205 1681 1304 1747 erant)
1334 1680 1524 1735 haecomnia
1548 1679 1582 1736 C.
1603 1680 1741 1735 flaminio
1765 1682 1909 1751 quaestori
1933 1683 2062 1753 adpensa

410 1769 426 1808 a
449 1768 566 1808 numera
597 1769 653 1823 que
673 1768 746 1808 sun.

198 1847 397 1923 111111.49,10;
417 1860 587 1917 Ceterorum
606 1860 764 1928 (obsidum)
783 1876 879 1916 euram
900 1861 1026 1932 benigne
1045 1860 1217 1916 tuendorum
1237 1858 1271 1915 C.
1289 1857 1426 1913 flaminio
1446 1859 1591 1929 quaestori
1611 1860 1736 1916 attribuit
1756 1859 1800 1929 (P.
1815 1859 1932 1932 Scipiol.

197 1971 246 2035 cr.
271 1970 379 2051 polyb.
403 1971 430 2032 x
454 1972 537 2046 111.

358 2097 390 2158 Ρ.
415 2096 580 2160 Cornelius
599 2096 712 2174 Scipio,
736 2098 790 2173 qui
811 2095 936 2178 Poenos
959 2097 998 2159 ad
1018 2096 1144 2158 Zamam
1165 2096 1283 2172 devicit,
1303 2101 1467 2173 postquam
1489 2096 1619 2159 Publius
1638 2100 1767 2175 pateret
1786 2096 1914 2159 Gnaeus
1938 2101 2063 2176 patruus

197 2189 227 2248 in
246 2186 394 2264 Hispania
410 2188 487 2247 caesi
509 2191 581 2248 sunt
602 2204 628 2248 a.
646 2188 709 2249 543
723 2214 764 2237 --
778 2187 852 2260 211,
872 2186 1021 2264 sullragio
1043 2187 1151 2264 populi
1176 2204 1248 2247 cum
1273 2187 1404 2263 imperio
1428 2187 1639 2264 proconsulari
1659 2204 1698 2248 eo
1718 2187 1830 2247 missus
1848 2191 1907 2261 est;
1930 2191 2063 2248 extrema

195 2280 305 2337 aestate
325 2277 397 2337 anni
423 2277 540 2337 544:
554 2277 618 2337 210
638 2275 736 2340 Roma
761 2275 915 2352 proiectus
939 2276 1024 2337 initio
1048 2275 1264 2352 subsequentis
1288 2275 1316 2336 111
1343 2276 1531 2352 provinciam
1557 2277 1700 2353 pervenit.
1734 2276 1774 2336 lta
1796 2292 1844 2336 res
1868 2277 1897 2336 in
1921 2275 2063 2353 singulos

195 2382 296 2426 annos
327 2364 449 2443 digero;
479 2365 581 2426 livius
610 2364 718 2439 tXXVl
743 2365 824 2443 20,7)
856 2365 914 2425 iam
943 2382 968 2425 a.
999 2366 1061 2427 543
1080 2392 1121 2416 =
1141 2366 1199 2426 211
1226 2365 1403 2442 Scipionem
1431 2363 1470 2425 ab
1504 2364 1580 2426 urbe
1607 2364 1778 2442 protectum
1807 2381 1873 2426 esse
1901 2369 1991 2443 putat
2023 2400 2060 2409 -

198 2454 303 2516 Primo
333 2471 401 2516 vere
429 2471 455 2515 a.
480 2456 598 2515 545:
614 2455 678 2516 200
707 2453 821 2531 Scipio,
849 2456 898 2515 cui
928 2454 964 2516 C.
990 2454 1158 2516 Flaminius
1184 2457 1329 2530 quaestor
1354 2453 1514 2516 attributus
1541 2459 1614 2530 erat,
1638 2471 1655 2514 a
1682 2455 1854 2515 Tarracone
1883 2471 2064 2531 progressus

196 2561 267 2604 cum
292 2543 409 2605 flumen
435 2543 586 2605 Hiberum
610 2543 779 2617 traiecisset,
799 2543 1016 2621 Carthaginem
1037 2544 1168 2619 Novam,
1186 2542 1409 2604 nobilissimam
1429 2543 1596 2619 Hispaniae
1611 2543 1729 2617 urbem,
1753 2560 1936 2620 oppugnare
1955 2543 2061 2605 statuit

197 2633 347 2709 Tempus,
370 2650 435 2709 quo
459 2651 526 2694 eam
551 2635 675 2709 ceperit,
699 2632 772 2694 hinc
794 2633 1001 2708 concluditur,
1029 2632 1115 2710 quod
1141 2632 1176 2695 C.
1202 2632 1332 2707 laelius,
1356 2633 1473 2710 legatus
1496 2631 1662 2709 Scipionis,
1690 2633 1743 2708 qui
1768 2634 1894 2693 nuntius
1922 2633 2064 2694 victoriae

198 2722 309 2781 missus
336 2729 405 2797 erat,
434 2722 483 2783 die
510 2726 619 2798 quarto
647 2728 676 2784 et
703 2722 856 2783 tricesimo
888 2727 966 2799 post,
993 2739 1087 2799 quam
1116 2739 1134 2783 a
1156 2722 1328 2783 Tarracone
1355 2721 1510 2798 proiectus
1533 2726 1605 2796 erat,
1633 2723 1713 2782 exitu
1742 2721 1808 2782 eius
1835 2722 1906 2782 anni
1932 2721 2062 2786 Romam

197 2809 369 2888 pervenit2).
400 2810 518 2887 Captus
540 2814 585 2870 est
606 2816 768 2887 apparatus
793 2814 901 2887 ingens
925 2810 1004 2884 belli,
1027 2813 1091 2872 auri
1115 2813 1294 2886 argentique
1314 2827 1426 2886 magna
1445 2812 1498 2883 vis,
1518 2827 1662 2871 vasorum
1682 2820 1896 2886 argenteorum
1918 2828 2064 2871 numerus

198 2916 343 2977 magnus:
373 2899 448 2960 haec
475 2899 582 2959 omnia
609 2898 771 2960 vendenda
795 2899 830 2961 C.
853 2900 1004 2960 Flaminio
1032 2901 1185 2976 quaestori
1214 2916 1349 2977 appensa
1377 2904 1636 2975 annumerataque
1663 2903 1746 2974 sunt,
1775 2904 1807 2960 ut
1835 2899 1995 2961 manubias
2022 2898 2061 2960 ad

197 2993 374 3066 quaestores
397 2988 547 3063 urbanos,
570 2990 623 3064 qui
647 2990 764 3049 aerario
788 2992 976 3066 praeessent,
996 2988 1124 3050 referret.
1171 2987 1328 3050 Obsidum
1353 2989 1505 3049 civitatum
1532 2989 1706 3065 Hispaniae,
1737 2988 1790 3065 qui
1815 2988 1956 3066 permulti
1985 2989 2062 3065 capti

198 3078 227 3138 in
257 3082 434 3155 potestatem
466 3077 677 3142 Romanorum
707 3082 858 3153 venerant,
888 3095 956 3154 pars
978 3078 1131 3154 quaestori
1159 3077 1341 3139 asservanda
1367 3076 1508 3139 attributa
1535 3082 1586 3138 est.
1614 3113 1651 3121 -
1684 3077 1758 3138 lnde
1780 3082 1973 3154 quaestorem
2003 3095 2064 3138 una

197 3185 268 3228 cum
294 3168 481 3244 proconsule
499 3167 703 3228 Tarraconem
724 3167 754 3227 in
774 3165 1354 3244 1111111013)1111111111111111111111151.
1383 3167 1419 3229 Α.
1439 3167 1497 3228 501
1516 3194 1557 3218 --
1577 3168 1634 3228 103
1657 3173 1801 3244 praetura,
1819 3184 1845 3228 a.
1866 3167 1929 3227 507
1944 3194 1985 3218 =
2004 3168 2062 3227 187

197 3256 358 3317 consulatu
383 3256 506 3318 iunctus
529 3261 581 3317 est.
613 3256 649 3319 C
670 3258 838 3318 Flaminius
861 3256 1033 3318 secundum
1059 3257 1164 3318 Tastos
1187 3256 1389 3334 Capitolinos,
1414 3257 1442 3316 in
1468 3256 1583 3332 quibus
1605 3255 1644 3317 ad
1667 3274 1693 3317 a.
1714 3257 1776 3318 507
1791 3283 1832 3307 =
1849 3258 1905 3317 187
1933 3256 1969 3319 C
1988 3255 2007 3316 1.
2028 3255 2063 3319 C

198 3362 227 3406 11.
252 3347 427 3406 nominatur
445 3381 484 3389 -
502 3348 526 3407 si
551 3347 595 3407 eis
618 3345 696 3406 lides
719 3345 861 3406 habenda
883 3350 984 3407 est-
1002 3345 1037 3409 C
1063 3346 1201 3407 Flaminii
1226 3344 1261 3408 C
1281 3345 1300 3406 1.
1322 3346 1351 3407 l..
1372 3363 1410 3419 n,
1434 3346 1487 3422 qui
1511 3363 1574 3408 cos.
1600 3345 1623 3406 ll
1648 3344 1686 3406 ad
1712 3346 1811 3406 lacum
1835 3345 2061 3406 Trasumenum

197 3438 356 3512 superatus
379 3451 547 3512 caesusque
569 3439 639 3511 erat,
661 3435 745 3497 lilius
767 3435 861 3497 luisse
884 3435 1011 3498 videtur.

889 3700 942 3778 Μ.
964 3698 1118 3778 Porcius
1147 3701 1200 3779 Μ.
1218 3699 1242 3778 1.
1263 3697 1374 3779 Cato,

198 3846 262 3909 Cle
288 3845 369 3908 Brut
398 3847 499 3920 ¹5,oo:
527 3856 700 3928 (Cethegus)
721 3859 819 3913 consul
840 3874 904 3913 cum
931 3857 960 3912 P.
980 3859 1124 3913 Tuditano
1148 3858 1199 3913 luit
1224 3858 1300 3914 bello
1320 3857 1427 3913 Punico
1453 3857 1590 3926 secundo,
1616 3861 1810 3929 quaestorque
1836 3858 1880 3914 his
1899 3858 2065 3914 consulibus

411 3929 452 3984 Μ.
467 3928 550 3996 Cato,
570 3928 659 3983 modo
679 3930 763 3999 plane
782 3931 865 3984 annis
884 3928 960 3985 CXL
977 3938 1043 3986 ante
1063 3946 1109 3986 me
1128 3931 1286 3986 consulem.

200 4041 436 4104 0100111011.
467 4042 513 4115 10,
523 4055 571 4110 32:
592 4054 657 4111 Hoc
675 4070 753 4123 queo
772 4054 866 4110 dicere
886 4071 944 4109 non
969 4071 1015 4111 me
1039 4055 1156 4125 quidem
1181 4057 1222 4110 eis
1247 4071 1313 4110 esse
1336 4054 1451 4122 viribus,
1477 4054 1582 4124 quibus
1606 4059 1655 4110 aut
1678 4053 1760 4110 miles
1785 4055 1862 4110 bello
1883 4053 1991 4110 Punico
2016 4058 2065 4110 aut

412 4129 549 4197 quaestor
567 4126 670 4181 eodem
692 4126 768 4181 bello
789 4167 929 4180 ......
949 4127 1059 4182 luerim.

200 4218 242 4280 lb·
262 4220 348 4293 4,1οῑ
373 4232 508 4304 Cumque
527 4248 563 4288 eo
582 4233 651 4294 (scil.
670 4232 706 4297 Q.
724 4233 811 4288 fabio
831 4233 972 4299 Maximo)
992 4238 1122 4303 quartum
1142 4234 1259 4289 consule
1279 4233 1510 4289 adulescentulus
1530 4232 1611 4287 miles
1630 4233 1666 4287 ad
1686 4232 1817 4299 Capuam
1838 4232 1981 4303 protectus
2001 4248 2064 4288 sum

412 4305 569 4374 quintoque
588 4320 666 4359 anno
686 4309 750 4375 post
770 4304 805 4359 ad
821 4304 983 4360 Tarentum.
1008 4304 1154 4369 Quaestor
1167 4305 1271 4360 deinde
1286 4304 1474 4376 quadriennio
1491 4313 1555 4374 post
1570 4303 1660 4358 lactus
1676 4320 1748 4369 sum,
1764 4321 1850 4375 quem
1867 4306 2063 4375 magistratum

412 4377 496 4501 {asiis
513 4375 840 4502 ξῗηῶιῧὲᾞιεὴῃῖευῗὲίῗησ
864 4381 891 4432 11
910 4375 1055 4447 Cethgo,
1079 4393 1142 4431 cum
1168 4376 1283 4446 quidem
1308 4377 1354 4432 ille
1378 4375 1534 4430 admodum
1562 4390 1652 4430 senex
1676 4391 1778 4431 suasor
1803 4377 1873 4446 legis
1892 4374 2009 4431 Cinciae
2028 4375 2065 4431 de

200 4540 241 4602 lb.
271 4542 318 4616 13,
327 4555 375 4608 45:
403 4551 574 4609 Sodalitates
656 4570 703 4610 me
722 4558 875 4625 quaestore
895 4556 1065 4610 constitutae
1085 4559 1150 4609 sunt
1170 4555 1256 4610 sacris
1277 4555 1369 4611 idaeis
1388 4554 1515 4624 Magnae
1534 4553 1634 4609 Matris
1655 4553 1786 4623 acceptis.

201 4669 278 4731 plut.
303 4668 368 4732 Cat
389 4668 458 4729 11Ῑᾶ1·
487 4668 520 4728 3:
544 4680 1126 4749 1111111001·0167101101.....χιλιαρχίας
1146 4680 1220 4746 ἔτυχε
1238 4687 1353 4746 πρῶτον,
1371 4679 1425 4732 εἶτα
1444 4679 1593 4744 ἐταμίευσεν
1596 4719 1690 4732 ......
1704 4678 1802 4743 Τσμίσς
1820 4677 1892 4746 einp
1913 4680 2064 4746 (Σκηπίωνι

412 4760 449 4818 τῷ
467 4752 580 4819 μεγάλῳ)
599 4752 664 4818 πρὸς
685 4753 727 4804 τὸν
745 4754 773 4804 ἕν
792 4755 879 4820 11111111)
899 4753 1012 4815 πόλεμον
1031 4751 1243 4817 συνεκπεμφθεὶς
1258 4793 1264 4805 .
1277 4793 1282 4805 .
1294 4793 1300 4805 .
1312 4794 1318 4805 .
1329 4793 1353 4806 ..
1371 4751 1576 4818 ἐπαρρησιάζετο
1592 4749 1658 4816 πρὸς
1676 4749 1761 4802 αὐτόν.
1896 4751 2023 4808 Εἰπόντος
2036 4749 2065 4802 d?

413 4831 457 4875 τοῦ
478 4825 646 4948 &gadericum
665 4824 702 4882 ὥς
721 4824 798 4877 oletis
817 4825 901 4876 δέοιτο
921 4825 1012 4890 ταμίου
1025 4823 1082 4874 λίαν
1094 4822 1222 4890 ἀκριβοῦς
1234 4824 1383 4890 πλησίσησς
1395 4822 1437 4875 ἐπὶ
1457 4821 1499 4874 τὸν
1511 4822 1625 4888 πόλεμον
1637 4821 1782 4888 φερόμεισς
1796 4862 1802 4874 .
1816 4862 1822 4876 .
1834 4862 1840 4875 .
1852 4862 1858 4875 .
1870 4862 1894 4875 ..
1913 4821 2031 4888 ἀπῆλθεν
2050 4822 2065 4872 ό

413 4895 508 4949 Κάτων
539 4916 557 4946 κ
602 4895 708 4953 exaltus.

363 5059 382 5113 ι1
400 5055 537 5111 Wilsdori
557 5055 629 5110 fast.
651 5055 733 5126 Hisp.
752 5071 831 5126 prov.
852 5079 883 5101 r:
904 5054 983 5111 Stud.
1004 5054 1077 5125 lips.
1099 5054 1175 5110 100.

361 5129 384 5196 ²)
406 5127 583 5182 111.ΧΧ1ΙΙΙ
605 5128 661 5193 7,1.

360 5199 383 5268 ³)
405 5198 473 5253 lbid.
493 5198 583 5254 xxv!
604 5200 696 5264 51,10.
