4416 5700
1090 220 1126 280 13

174 435 327 508 dissuasit;
351 436 380 496 in
406 434 464 496 illis
486 434 569 496 enim
595 451 742 512 magnum
766 431 824 494 sibi
847 433 995 494 auxilium
1009 431 1049 494 ad
1067 432 1310 494 imminuendam
1328 434 1522 510 optimatium
1540 434 1704 510 potentiam
1721 438 1813 510 atque
1830 433 2038 496 auctoritatem

173 525 309 587 futurum
334 541 401 586 esse
423 522 583 598 sentiebat;
606 523 660 584 sed
685 523 887 599 nequiquam:
912 522 959 583 lex
984 522 1094 599 perlata
1117 523 1200 600 esu).
1248 521 1366 583 Exinde
1394 540 1549 583 unacum
1574 522 1684 585 Oreste
1707 523 1737 583 in
1761 522 1931 585 Sardiniam
1957 524 2039 584 navi·

173 617 263 693 gavit.
309 614 482 691 Optimatas
511 630 582 675 eum
614 630 668 689 per
696 629 813 673 annum
845 612 952 689 procul
983 612 1022 672 ab
1054 612 1129 673 urbe
1152 629 1218 672 esse
1240 610 1424 688 gaudebant
1471 611 1531 673 Sed
1553 612 1665 673 absens
1688 628 1817 689 quoque
1840 612 2037 689 popularium

173 704 299 781 gratiam
332 705 362 763 in
393 720 426 764 se
456 700 642 778 convertit2).
691 700 777 762 Bello
807 701 889 762 enim
922 718 1068 778 prospere
1097 699 1221 778 gestui)
1247 701 1345 762 hiems
1373 718 1481 778 aspera
1510 705 1539 762 et
1569 700 1712 762 morbida
1739 718 1805 762 esse
1829 702 1943 779 coepit,
1966 719 2038 762 cum

174 795 300 870 insuper
330 792 446 852 insulae
475 809 526 852 aer
556 791 698 867 pestilens
727 807 793 851 esse
823 789 956 851 terretur.
1003 791 1092 851 Tunc
1121 791 1230 852 consul
1260 791 1429 852 civitatibus
1457 807 1529 851 orae
1557 791 1723 852 maritimae
1745 791 1839 851 sociis
1862 791 2040 852 vestimenta

174 882 311 943 militaria
336 881 501 958 imperavit
549 879 666 956 legatis
689 897 803 954 earum,
827 881 880 955 qui
907 878 1036 943 Romam
1063 879 1248 954 missisunt,
1273 880 1417 957 imperata
1440 878 1674 956 deprecantibus
1697 884 1819 941 senatus
1842 897 1906 941 non
1931 880 2040 955 detuit;

175 972 273 1033 immo
297 970 427 1045 consuli,
451 972 483 1030 ut
504 967 629 1030 aliunde
652 973 791 1030 vestrum
816 972 1014 1045 compararet,
1038 969 1199 1030 mandavit.
1247 969 1308 1029 lam
1334 969 1442 1030 milites
1466 969 1496 1029 in
1523 971 1680 1047 angustias
1706 967 1945 1031 adducebantur.
1992 969 2040 1031 Ne

173 1057 212 1121 ad
241 1061 378 1120 ultimam
408 1059 545 1135 inopiam
574 1057 795 1136 redigerentur,
825 1057 986 1119 Gracchus
1013 1059 1120 1135 gratia,
1148 1076 1241 1134 quarn
1272 1062 1355 1135 pater
1376 1059 1421 1119 Ti.
1450 1075 1513 1119 cos.
1540 1075 1566 1119 a.
1592 1059 1710 1120 577:
1729 1060 1788 1120 177
1817 1057 1901 1135 apud
1926 1057 2041 1120 Sardos

174 1147 232 1210 sibi
263 1148 486 1220 conciliaverat,
516 1146 655 1209 conlisus
684 1163 739 1207 sua
768 1151 880 1224 sponte
909 1164 980 1207 curn
1012 1148 1055 1207 eis
1085 1148 1159 1220 egit:
1190 1146 1277 1223 quod
1308 1147 1428 1209 consuli
1460 1147 1641 1223 abnuerant,
1674 1147 1827 1224 quaestori
1858 1146 2039 1209 adnuerunt

176 1236 355 1299 Plutarchus
386 1236 415 1297 in
448 1254 483 1296 ea
514 1253 546 1296 re
576 1234 725 1297 narranda
757 1236 954 1313 popularium
987 1237 1115 1313 partium
1146 1247 1285 1297 auctores
1315 1240 1436 1297 secutus
1466 1254 1532 1297 esse
1559 1236 1685 1298 videtur.
1740 1237 1805 1298 Nec
1835 1237 1937 1297 minus
1961 1235 2040 1297 hanc

175 1343 302 1403 quoque
337 1326 539 1386 narrationem
576 1325 708 1387 Gracchi
744 1326 838 1402 gratia
874 1332 1048 1386 exornatam
1084 1343 1151 1386 esse
1186 1325 1323 1386 arbitror.
1381 1324 1407 1386 Α
1444 1324 1649 1387 Numidarum
1685 1326 1767 1387 enim
1804 1343 1876 1403 rege
1911 1325 2040 1403 Micipsa

173 1433 198 1476 a
223 1416 287 1478 629
301 1442 342 1467 =
361 1416 420 1476 125
446 1415 572 1475 nuntios
591 1414 721 1479 Romam
745 1412 783 1474 ad
807 1417 945 1475 senatum
971 1416 1098 1488 venisse,
1122 1415 1175 1491 qui
1201 1415 1266 1475 eius
1290 1415 1417 1476 nomine
1435 1414 1623 1476 frumentum
1644 1417 1673 1476 in
1694 1414 1864 1477 Sardiniam
1885 1414 2040 1489 militibus,

175 1508 207 1565 ut
229 1503 375 1567 Graccho
398 1508 518 1580 gratum
543 1502 636 1577 tieret,
659 1504 850 1564 submissum
875 1504 908 1564 iri
934 1504 1163 1580 pollicerentur;
1187 1505 1306 1565 veniam
1332 1503 1504 1580 petentibus
1527 1508 1676 1580 senatum,
1700 1508 1805 1581 utpote
1828 1506 1881 1581 qui
1906 1502 2039 1566 Gracchi

174 1594 300 1654 nimiam
323 1592 407 1670 apud
432 1592 585 1670 populum
609 1596 815 1653 auctoritatem
841 1605 1000 1664 vereretur,
1024 1611 1088 1654 non
1113 1592 1276 1670 dedisse4).
1324 1592 1381 1657 Res
1406 1595 1470 1671 ipsa
1494 1611 1563 1654 vera
1586 1611 1652 1654 esse
1670 1592 1797 1668 videtur,
1820 1591 1874 1653 sed
1899 1592 1974 1653 nihil
1998 1590 2038 1653 ad

174 1686 322 1744 nostrum.
369 1681 511 1744 Ceterum
538 1686 570 1742 ut
594 1683 744 1758 inopiam,
768 1698 830 1757 qua
854 1682 913 1743 itus
935 1683 1128 1759 temporibus
1155 1683 1303 1743 exercitus
1327 1682 1457 1747 Romani
1483 1683 1579 1759 premi
1605 1700 1697 1759 posse
1720 1680 1915 1756 videbantur,
1939 1681 2041 1742 suble·

172 1775 262 1845 varet,
289 1789 315 1832 a.
340 1772 399 1833 631
418 1797 460 1822 =
478 1772 538 1832 123
566 1771 633 1832 trib.
658 1773 697 1846 pl.
727 1772 826 1847 legem
856 1772 1071 1846 Semproniam
1103 1772 1259 1839 militarem
1288 1770 1396 1842 tulit5).
1417 1807 1457 1814 —
1478 1772 1510 1832 ln
1534 1789 1560 1832 a.
1586 1773 1704 1833 630:
1724 1773 1782 1832 124
1808 1776 1906 1848 patres
1929 1770 2040 1844 Oresti,

174 1861 228 1937 qui
254 1862 312 1921 iam
335 1860 523 1921 antecedenti
552 1877 635 1920 anno
665 1878 725 1921 una
753 1877 823 1920 cum
849 1859 993 1922 Graccho
1021 1866 1085 1921 tum
1121 1866 1340 1938 proquaestore
1368 1864 1563 1935 remanserat,
1599 1861 1706 1921 iterum
1738 1861 1901 1937 imperium
1932 1876 2040 1937 proro-

173 1953 323 2027 gaverunt
346 1967 447 2026 neque
463 1947 607 2010 Graccho
626 1966 835 2010 successorem
861 1951 1015 2011 miserunt.
1048 1951 1087 2011 lta
1112 1949 1195 2010 hunc
1218 1967 1334 2010 annum
1359 1951 1448 2010 etiam
1472 1950 1591 2011 tertium
1612 1950 1720 2026 procul
1735 1949 1775 2010 ab
1791 1949 1868 2010 urbe
1883 1953 2039 2026 tamquam

175 2040 204 2098 in
238 2039 345 2100 exsilio
376 2042 522 2099 retentum
555 2039 589 2098 iri
621 2037 828 2100 confidebant
876 2037 914 2100 at
937 2037 1112 2113 Gracchus,
1142 2040 1195 2115 qui
1228 2039 1254 2099 ei
1283 2038 1471 2113 succederet,
1500 2056 1563 2099 non
1589 2039 1727 2100 veniente
1749 2037 1896 2100 adversus
1919 2041 2041 2098 senalus

174 2127 350 2189 consultum
374 2145 391 2188 e
415 2126 553 2189 Sardinia
577 2126 747 2206 decessit0),
772 2128 857 2205 prius
881 2145 974 2204 quam
1000 2128 1134 2201 Orestes,
1157 2129 1210 2204 qui
1230 2127 1280 2189 vt.
1301 2128 1343 2189 ld.
1363 2127 1437 2189 Dec.
1460 2145 1486 2188 a.
1511 2129 1630 2189 632:
1649 2129 1708 2189 122
1734 2146 1770 2189 ex
1794 2145 1829 2187 ea
1847 2126 2038 2204 triumphum

174 2217 243 2292 egit.
289 2217 423 2278 Tertium
450 2216 542 2293 igitur
565 2220 744 2292 quaesturae
766 2234 882 2277 annum
907 2234 1003 2294 agens
1024 2235 1051 2277 a.
1076 2217 1195 2279 630--
1214 2218 1273 2278 124
1298 2217 1360 2277 lere
1385 2216 1489 2277 medio
1514 2217 1634 2294 populo
1657 2215 1920 2294 acceptissimusil
1944 2215 2040 2276 redux

173 2304 270 2366 iactus
293 2313 344 2366 est.
384 2306 463 2366 Tum
489 2307 628 2381 quaestio
653 2305 692 2365 de
716 2305 912 2382 Fregellanis,
936 2307 989 2382 qui
1013 2323 1039 2366 a.
1064 2306 1128 2368 620
1143 2334 1183 2357 ==
1202 2308 1261 2367 125
1285 2324 1303 2366 a
1328 2306 1475 2371 Romanis
1498 2304 1711 2381 defecerantu,
1736 2305 1911 2367 habebatur.
1950 2304 2040 2383 Opti·

174 2402 268 2455 mates
292 2394 353 2456 hoc
376 2398 512 2471 egerunt,
537 2398 569 2455 ut
585 2393 746 2456 Gracchus
768 2397 918 2455 tumultus
941 2395 1090 2456 excitandi
1115 2413 1205 2456 causa
1229 2395 1333 2456 socios
1353 2413 1370 2455 e
1387 2396 1544 2472 provincia
1560 2413 1616 2457 sua
1632 2396 1841 2456 sollicitavisse
1855 2399 2040 2472 argueretur.

175 2483 205 2544 l.
230 2484 361 2561 Opimio
386 2492 524 2561 praetore
548 2483 696 2544 iudicium
721 2489 877 2546 exercente
896 2502 966 2545 reus
986 2484 1082 2545 iactus
1105 2488 1158 2559 est,
1177 2484 1231 2545 sed
1256 2485 1394 2546 oratione
1416 2485 1531 2545 crimen
1557 2483 1789 2562 proput-avtt9t.
1827 2484 1943 2544 Tamen
1968 2501 2040 2544 enm

175 2573 281 2633 iterum
306 2573 533 2647 lacessiverunt;
558 2574 617 2633 iam
642 2591 681 2633 ne
705 2574 734 2634 in
759 2576 946 2635 senatorium
971 2572 1111 2634 ordinem
1137 2574 1294 2651 legeretur,
1317 2573 1438 2634 ellicere
1460 2572 1630 2636 studebant
1663 2573 1724 2634 lllis
1747 2574 1829 2634 enim
1848 2572 2041 2649 temporibus

175 2679 244 2722 mos
266 2665 335 2735 erat
360 2666 392 2722 ut
415 2667 600 2738 quaestores,
624 2665 676 2738 qui
702 2663 891 2738 praetoribus
916 2664 1142 2740 provinciarum
1166 2663 1260 2724 additi
1280 2673 1372 2737 erant,
1394 2662 1478 2740 apud
1495 2681 1549 2723 eos
1566 2666 1732 2739 pertulum
1748 2666 1904 2738 praeturae
1918 2665 2041 2738 tempus

175 2757 330 2810 manerent
351 2767 387 2810 ac
411 2750 536 2809 demum
562 2769 601 2810 eo
624 2756 729 2811 exacto
753 2753 844 2812 simul
870 2770 941 2812 cum
967 2753 1002 2813 115
1027 2756 1057 2813 in
1082 2752 1194 2813 ltaliam
1219 2750 1496 2830 reverterenturtu.
1528 2751 1626 2823 Quod
1648 2751 1809 2814 Gracchus
1831 2755 1900 2812 ante
1923 2750 2042 2813 Orestis

174 2839 303 2900 reditum
328 2857 345 2899 e
368 2841 531 2914 quaestura
554 2837 739 2899 Sardiniensi
763 2856 818 2899 sua
841 2845 951 2916 sponte
975 2840 1111 2914 decessit,
1135 2843 1188 2901 etsi
1214 2858 1277 2900 non
1303 2841 1370 2917 lege
1393 2841 1517 2901 vetitum
1542 2844 1615 2914 erat,
1643 2845 1744 2901 tamen
1770 2857 1896 2917 prorsus
1918 2838 1958 2900 ab
1982 2856 2039 2900 usu

173 2929 295 3004 vitaque
318 2929 478 2988 communi
501 2926 693 3001 abhorrebat
718 2927 756 2988 ita
773 2933 804 2989 ut
821 2932 966 3005 potestate
980 2929 1096 2989 abusus
1112 2928 1270 2989 videretur.
1308 2929 1412 3005 ltaque
1429 2947 1447 2991 a
1466 2929 1647 2990 censoribus
1663 2929 1721 2990 Cn.
1739 2929 1866 2991 Servilio
1883 2927 2041 3004 Caepione

173 3020 201 3077 et
218 3016 248 3078 t.
265 3016 375 3079 Cassio
392 3016 535 3092 longino
556 3015 678 3091 Ravilla,
702 3018 755 3093 qui
779 3035 804 3077 a
830 3017 948 3079 630:
967 3019 1026 3079 124
1051 3023 1187 3079 extremo
1210 3018 1269 3078 sub
1295 3018 1421 3079 lustrum
1446 3020 1562 3094 equites
1586 3020 1833 3095 recognoverunt
1855 3025 1884 3078 et
1901 3021 2040 3079 senatum

173 3105 320 3183 legerunt,
343 3104 427 3182 apud
453 3106 537 3181 ipsos
561 3123 683 3166 causam
708 3107 808 3166 dicere
828 3108 930 3167 iussus
948 3108 1044 3181 est¹¹).
1076 3106 1136 3169 Sed
1156 3108 1294 3169 oratione
1310 3107 1411 3168 habita
1426 3106 1676 3185 splendidissima
1694 3109 1822 3169 crimine
1840 3124 1873 3168 se
1892 3106 2041 3183 purgavit,

173 3199 246 3255 teste
266 3193 437 3255 Plutarcho.
468 3195 601 3255 Fuerunt
630 3195 684 3270 qui
716 3199 871 3256 auctorem
900 3195 1013 3257 διετίαν
1043 3213 1113 3256 cum
1144 3196 1276 3275 τριετίαν
1304 3197 1483 3258 contudisse
1510 3197 1690 3258 conicerent.
1731 3195 1891 3258 Gracchus
1915 3196 1980 3272 ipse
2010 3197 2040 3254 in

174 3287 313 3344 oratione
335 3283 374 3344 ad
399 3284 552 3360 populum
577 3283 677 3344 habita
701 3284 759 3361 (ap.
784 3284 875 3355 Gelli
898 3303 932 3347 se
955 3285 1115 3346 biennium
1141 3287 1170 3346 in
1196 3286 1353 3362 provincia
1376 3293 1527 3347 versatum
1556 3303 1622 3346 esse
1649 3285 1729 3346 dicit
1777 3285 1836 3347 Sed
1867 3286 2042 3346 coniectura

174 3388 255 3448 opus
274 3375 406 3432 nonest
432 3372 611 3433 Plutarchus
630 3373 756 3434 duobus
773 3375 963 3451 magistratus
981 3375 1070 3436 annis
1087 3392 1214 3449 annum,
1238 3392 1303 3451 quo
1327 3376 1453 3448 revertit,
1469 3375 1687 3436 adnumeravit
1712 3373 1888 3436 Gracchum
1914 3373 2041 3434 crimine

173 3461 310 3521 solutum
333 3477 351 3521 a
374 3461 554 3522 censoribus
579 3463 608 3522 in
633 3467 771 3524 senatum
796 3467 951 3540 receptum
976 3481 1042 3524 esse
1065 3465 1165 3525 conici
1192 3465 1266 3525 licet
1316 3465 1347 3526 ln
1371 3481 1397 3524 a.
1422 3464 1481 3526 631
1500 3465 1619 3525 :123
1642 3464 1784 3525 tribunus
1808 3463 1906 3540 plebis
1930 3479 2040 3523 renun-

172 3553 261 3612 tiatus
283 3553 335 3611 est

847 3799 900 3877 Μ.
931 3798 1055 3878 Livius
1083 3799 1128 3880 C.
1156 3800 1180 3879 1.
1211 3799 1370 3880 Drusus.

175 3939 258 4018 [Aur.
274 3942 360 4022 vict]
381 3941 794 4099 (11ξ8ἔ1ἓ8181ε1ΐ111116ἐ1ἓηίυ6ἓ11ω5
815 3957 908 4012 livius
928 3957 1039 4013 Drusus
1059 4000 1155 4014 ......
1176 3963 1313 4029 quaestor
1331 3959 1359 4014 in
1373 3958 1441 4014 Asia
1462 3959 1546 4014 nullis
1565 3958 1726 4030 insignibus
1745 3959 1784 4014 uti
1803 3959 1900 4026 voluit,
1921 3957 2040 4028 nequid

334 4122 376 4182 Μ.
401 4122 503 4183 livius
527 4123 569 4184 Μ.
588 4122 607 4184 1.
628 4122 663 4185 C
684 4140 713 4183 n.
743 4122 871 4198 Drusus,
900 4125 953 4200 qui
984 4125 1013 4184 in
1042 4122 1194 4186 tribunatu
1224 4123 1323 4201 plebis
1349 4143 1375 4186 a.
1400 4125 1571 4187 oos=91
1605 4126 1726 4186 occisus
1754 4129 1806 4200 est,
1833 4124 1890 4184 luit
1916 4126 2041 4185 senatus
2073 4170 2077 4179 .

171 4213 382 4285 propugnator
418 4215 511 4290 atque
550 4212 614 4274 11115
651 4213 773 4291 quidem
811 4213 995 4291 temporebus
1028 4229 1127 4293 paene
1159 4213 1369 4292 patronum).
1422 4214 1495 4275 Eius
1536 4230 1643 4275 cursus
1685 4214 1841 4276 honorum
1882 4211 2042 4274 exhibetur

338 4382 360 4449 ¹)
379 4383 437 4438 Cic.
457 4385 493 4441 de
512 4385 562 4441 oli.
584 4386 619 4440 lll
642 4388 732 4452 ll,rr;
753 4386 825 4442 Fest
846 4404 872 4457 p.
891 4386 958 4453 286;
978 4386 1037 4442 Cic.
1058 4385 1132 4442 Brut.
1152 4388 1249 4451 28.1m.

336 4452 359 4591 l
380 4453 503 4595 lite.-
660 4460 685 4524 ²2
699 4478 721 4518 2·

336 4599 346 4630 1

336 4597 359 4774 ἰ1
380 4595 451 4722 EM.
467 4596 826 4752 111ξ1ἶς1111111τ11ἓιῦἰε
841 4672 960 4727 altesten
976 4671 1100 4736 Quellen
1114 4688 1162 4727 zur
1176 4670 1348 4728 Oeschichte
1363 4673 1414 4728 der
1428 4672 1576 4729 Gracchen
1592 4671 1732 4741 (Beuthen
1747 4671 1823 4729 0.-s.
1842 4673 1917 4742 1886)
1933 4690 1959 4743 p.
1970 4674 2012 4728 23.

337 4738 358 4879 ’1
380 4738 636 4866 111101111111
654 4814 698 4867 rr.

336 4883 347 4918 ⁸
380 4881 434 4936 liv.
454 4898 499 4952 ep.
518 4881 567 4948 ib.;
586 4882 695 4953 Obseq.
714 4886 757 4940 90.

336 4954 347 4989 ⁹
382 4952 452 5008 Plut.
473 4953 506 5009 C.
526 4952 644 5009 Gracch.
664 4956 689 5016 3,
706 4973 729 5020 ι;
750 4955 826 5024 [Aur.
847 4957 927 5028 Victi
948 4958 984 5013 ib.
999 4976 1025 5024 2;
1047 4956 1131 5013 Prisc.
1151 4956 1176 5012 Χ
1195 4959 1225 5012 21
1250 4974 1275 5027 p.
1296 4959 1348 5012 513
1361 4957 1396 5011 Η.

325 5023 347 5060 ¹⁰
378 5024 543 5080 Mommsen
565 5024 645 5083 Rom.
665 5025 836 5083 Staatsrecht
857 5029 878 5082 ll
899 5031 959 5084 500.

323 5095 358 5237 3))
377 5094 633 5240 ἓξὲ1.βοῐο(ῧτίτιεεξ,
644 5099 678 5231 12(ss
698 5097 757 5154 Cic.
772 5103 841 5154 orat.
856 5101 957 5168 tumn
972 5100 1081 5156 Charis.
1098 5117 1125 5170 p.
1139 5101 1175 5154 80
1191 5099 1236 5167 l(.;
1255 5099 1288 5154 ci.
1303 5099 1403 5171 Meyer
1416 5099 1494 5156 Orat.
1511 5099 1591 5159 Rom.
1606 5100 1693 5172 irgg.²
1706 5101 1758 5156 230
1766 5115 1827 5171 sqq.
