<?xml version="1.0" encoding="UTF-8"?>
<!DOCTYPE html PUBLIC "-//W3C//DTD XHTML 1.0 Transitional//EN"
    "http://www.w3.org/TR/xhtml1/DTD/xhtml1-transitional.dtd">
<html xmlns="http://www.w3.org/1999/xhtml" xml:lang="en" lang="en">
 <head>
  <title>
</title>
<meta http-equiv="Content-Type" content="text/html;charset=utf-8" />
  <meta name='ocr-system' content='tesseract 3.04.00' />
  <meta name='ocr-capabilities' content='ocr_page ocr_carea ocr_par ocr_line ocrx_word'/>
</head>
<body>
  <div class='ocr_page' id='page_1' title='image "./fastiquaestorum00blgoog_0017.png"; bbox 0 0 4416 5700; ppageno 0'>
   <div class='ocr_carea' id='block_1_1' title="bbox 1061 220 1220 328">
    <p class='ocr_par' dir='ltr' id='par_1_1' title="bbox 1061 220 1220 328">
     <span class='ocr_line' id='line_1_1' title="bbox 1061 220 1220 328; baseline 0 -37"><span class='ocrx_word' id='word_1_1' title='bbox 1061 220 1220 328; x_wconf 48' lang='lat'><strong>22„-</strong></span> 
     </span>
    </p>
   </div>
   <div class='ocr_carea' id='block_1_2' title="bbox 207 436 1625 636">
    <p class='ocr_par' dir='ltr' id='par_1_2' title="bbox 207 436 1625 636">
     <span class='ocr_line' id='line_1_2' title="bbox 207 436 1625 523; baseline 0 -17"><span class='ocrx_word' id='word_1_2' title='bbox 207 436 248 508; x_wconf 85' lang='lat' dir='ltr'><strong>lb.</strong></span> <span class='ocrx_word' id='word_1_3' title='bbox 274 464 303 508; x_wconf 92' lang='lat' dir='ltr'><strong>n.</strong></span> <span class='ocrx_word' id='word_1_4' title='bbox 331 441 465 507; x_wconf 76' lang='grc' dir='ltr'><strong>112011Ι</strong></span> <span class='ocrx_word' id='word_1_5' title='bbox 492 445 540 522; x_wconf 84' lang='lat' dir='ltr'><strong>(ad</strong></span> <span class='ocrx_word' id='word_1_6' title='bbox 565 463 593 509; x_wconf 89' lang='lat' dir='ltr'><strong>n.</strong></span> <span class='ocrx_word' id='word_1_7' title='bbox 617 436 706 522; x_wconf 72' lang='lat' dir='ltr'><strong>ttol:</strong></span> <span class='ocrx_word' id='word_1_8' title='bbox 732 446 761 505; x_wconf 91' lang='lat' dir='ltr'><strong>in</strong></span> <span class='ocrx_word' id='word_1_9' title='bbox 786 444 888 522; x_wconf 91' lang='lat' dir='ltr'><strong>lapide</strong></span> <span class='ocrx_word' id='word_1_10' title='bbox 912 445 985 507; x_wconf 91' lang='lat' dir='ltr'><strong>mill.</strong></span> <span class='ocrx_word' id='word_1_11' title='bbox 1010 463 1108 523; x_wconf 83' lang='lat' dir='ltr'>prope</span> <span class='ocrx_word' id='word_1_12' title='bbox 1131 446 1246 521; x_wconf 91' lang='lat' dir='ltr'><strong>locum,</strong></span> <span class='ocrx_word' id='word_1_13' title='bbox 1269 463 1335 522; x_wconf 93' lang='lat' dir='ltr'><strong>quo</strong></span> <span class='ocrx_word' id='word_1_14' title='bbox 1358 445 1472 507; x_wconf 81' lang='lat' dir='ltr'>Tralles</span> <span class='ocrx_word' id='word_1_15' title='bbox 1495 445 1625 507; x_wconf 87' lang='lat' dir='ltr'><strong>luerunt.</strong></span> 
     </span>
     <span class='ocr_line' id='line_1_3' title="bbox 421 564 1159 636; baseline 0.001 -15"><span class='ocrx_word' id='word_1_16' title='bbox 421 565 448 621; x_wconf 77' lang='lat' dir='ltr'><strong>l.</strong></span> <span class='ocrx_word' id='word_1_17' title='bbox 468 565 618 630; x_wconf 77' lang='lat' dir='ltr'><strong>AQuillius</strong></span> <span class='ocrx_word' id='word_1_18' title='bbox 638 566 685 620; x_wconf 87' lang='lat' dir='ltr'><strong>m.&#39;</strong></span> <span class='ocrx_word' id='word_1_19' title='bbox 704 564 723 619; x_wconf 83' lang='lat' dir='ltr'><strong>f.</strong></span> <span class='ocrx_word' id='word_1_20' title='bbox 744 565 791 620; x_wconf 86' lang='lat' dir='ltr'><strong>m.’</strong></span> <span class='ocrx_word' id='word_1_21' title='bbox 803 581 830 620; x_wconf 94' lang='lat' dir='ltr'><strong>n.</strong></span> <span class='ocrx_word' id='word_1_22' title='bbox 851 564 982 623; x_wconf 72' lang='lat' dir='ltr'><strong>floreus</strong></span> <span class='ocrx_word' id='word_1_23' title='bbox 1002 582 1020 636; x_wconf 89' lang='lat' dir='ltr'>q</span> <span class='ocrx_word' id='word_1_24' title='bbox 1040 566 1159 622; x_wconf 83' lang='lat' dir='ltr'><strong>restituit</strong></span> 
     </span>
    </p>
   </div>
   <div class='ocr_carea' id='block_1_3' title="bbox 418 690 1063 847">
    <p class='ocr_par' dir='ltr' id='par_1_3' title="bbox 418 690 1063 847">
     <span class='ocr_line' id='line_1_4' title="bbox 418 690 1063 756; baseline 0 -13"><span class='ocrx_word' id='word_1_25' title='bbox 418 690 590 746; x_wconf 84' lang='grc' dir='ltr'><em>ΛΕΥΚΙΟΣ</em></span> <span class='ocrx_word' id='word_1_26' title='bbox 605 690 728 748; x_wconf 82' lang='grc' dir='ltr'><strong><em>ἀκύλλιος</em></strong></span> <span class='ocrx_word' id='word_1_27' title='bbox 746 691 841 756; x_wconf 87' lang='grc' dir='ltr'><strong><em>μανίσο</em></strong></span> <span class='ocrx_word' id='word_1_28' title='bbox 860 690 941 744; x_wconf 85' lang='grc' dir='ltr'><strong><em>υίΟΣ</em></strong></span> <span class='ocrx_word' id='word_1_29' title='bbox 957 691 1063 743; x_wconf 80' lang='grc' dir='ltr'><em>Μανίου</em></span> 
     </span>
     <span class='ocr_line' id='line_1_5' title="bbox 419 778 1018 847; baseline 0 -15"><span class='ocrx_word' id='word_1_30' title='bbox 419 778 513 838; x_wconf 80' lang='grc' dir='ltr'><strong><em>υίωνός</em></strong></span> <span class='ocrx_word' id='word_1_31' title='bbox 533 780 641 847; x_wconf 83' lang='grc' dir='ltr'><strong><em>φλῶρος</em></strong></span> <span class='ocrx_word' id='word_1_32' title='bbox 664 780 783 838; x_wconf 81' lang='grc' dir='ltr'><strong><em>ΤΑΜίας</em></strong></span> <span class='ocrx_word' id='word_1_33' title='bbox 802 779 1018 847; x_wconf 80' lang='grc' dir='ltr'><strong><em>ἀποκατέστησεν.</em></strong></span> 
     </span>
    </p>
   </div>
   <div class='ocr_carea' id='block_1_4' title="bbox 206 890 1225 968">
    <p class='ocr_par' dir='ltr' id='par_1_4' title="bbox 206 890 1225 968">
     <span class='ocr_line' id='line_1_6' title="bbox 206 890 1225 968; baseline -0.003 -13"><span class='ocrx_word' id='word_1_34' title='bbox 206 891 253 955; x_wconf 84' lang='lat' dir='ltr'><strong>Ct.</strong></span> <span class='ocrx_word' id='word_1_35' title='bbox 278 891 342 955; x_wconf 79' lang='lat' dir='ltr'><strong>cll</strong></span> <span class='ocrx_word' id='word_1_36' title='bbox 368 892 377 952; x_wconf 87' lang='grc' dir='ltr'>Ι</span> <span class='ocrx_word' id='word_1_37' title='bbox 402 909 431 953; x_wconf 93' lang='lat' dir='ltr'><strong>n.</strong></span> <span class='ocrx_word' id='word_1_38' title='bbox 456 892 533 966; x_wconf 87' lang='grc'><strong>557;</strong></span> <span class='ocrx_word' id='word_1_39' title='bbox 559 891 629 956; x_wconf 83' lang='lat' dir='ltr'><strong>Rev.</strong></span> <span class='ocrx_word' id='word_1_40' title='bbox 653 890 692 952; x_wconf 92' lang='lat' dir='ltr'><strong>de</strong></span> <span class='ocrx_word' id='word_1_41' title='bbox 715 891 822 968; x_wconf 92' lang='lat' dir='ltr'><strong>philol.</strong></span> <span class='ocrx_word' id='word_1_42' title='bbox 846 891 940 952; x_wconf 84' lang='lat' dir='ltr'><strong>xxm</strong></span> <span class='ocrx_word' id='word_1_43' title='bbox 966 892 1073 967; x_wconf 81' lang='lat'>(1899)</span> <span class='ocrx_word' id='word_1_44' title='bbox 1099 909 1127 968; x_wconf 94' lang='lat' dir='ltr'><strong>p.</strong></span> <span class='ocrx_word' id='word_1_45' title='bbox 1152 892 1225 953; x_wconf 84' lang='lat'><strong>295.</strong></span> 
     </span>
    </p>
   </div>
   <div class='ocr_carea' id='block_1_5' title="bbox 203 1014 2075 1718">
    <p class='ocr_par' dir='ltr' id='par_1_5' title="bbox 203 1014 2075 1718">
     <span class='ocr_line' id='line_1_7' title="bbox 367 1014 2074 1094; baseline 0.001 -17"><span class='ocrx_word' id='word_1_46' title='bbox 367 1016 420 1077; x_wconf 87' lang='grc' dir='ltr'><strong>Μ.’</strong></span> <span class='ocrx_word' id='word_1_47' title='bbox 442 1015 585 1093; x_wconf 72' lang='lat' dir='ltr'><strong>Aquilius</strong></span> <span class='ocrx_word' id='word_1_48' title='bbox 620 1016 703 1077; x_wconf 81' lang='lat' dir='ltr'><strong>Lucii</strong></span> <span class='ocrx_word' id='word_1_49' title='bbox 736 1020 818 1094; x_wconf 89' lang='lat' dir='ltr'><strong>pater</strong></span> <span class='ocrx_word' id='word_1_50' title='bbox 848 1014 962 1077; x_wconf 91' lang='lat' dir='ltr'><strong>bellum</strong></span> <span class='ocrx_word' id='word_1_51' title='bbox 995 1015 1168 1091; x_wconf 71' lang='lat' dir='ltr'><strong>Aristonici,</strong></span> <span class='ocrx_word' id='word_1_52' title='bbox 1199 1015 1252 1092; x_wconf 92' lang='lat' dir='ltr'><strong>qui</strong></span> <span class='ocrx_word' id='word_1_53' title='bbox 1282 1014 1395 1090; x_wconf 79' lang='lat' dir='ltr'><strong>Asiam,</strong></span> <span class='ocrx_word' id='word_1_54' title='bbox 1428 1033 1499 1076; x_wconf 89' lang='lat' dir='ltr'><strong>curn</strong></span> <span class='ocrx_word' id='word_1_55' title='bbox 1533 1020 1712 1077; x_wconf 87' lang='lat' dir='ltr'><strong>testamento</strong></span> <span class='ocrx_word' id='word_1_56' title='bbox 1744 1015 1831 1078; x_wconf 76' lang='lat' dir='ltr'><strong>ntuli</strong></span> <span class='ocrx_word' id='word_1_57' title='bbox 1863 1018 1944 1094; x_wconf 92' lang='lat' dir='ltr'><strong>regis</strong></span> <span class='ocrx_word' id='word_1_58' title='bbox 1977 1017 2074 1094; x_wconf 87' lang='lat' dir='ltr'><strong>legata</strong></span> 
     </span>
     <span class='ocr_line' id='line_1_8' title="bbox 207 1104 2074 1184; baseline 0 -17"><span class='ocrx_word' id='word_1_59' title='bbox 207 1106 327 1184; x_wconf 88' lang='lat' dir='ltr'><strong>populo</strong></span> <span class='ocrx_word' id='word_1_60' title='bbox 352 1105 494 1170; x_wconf 82' lang='lat' dir='ltr'><strong>Romano</strong></span> <span class='ocrx_word' id='word_1_61' title='bbox 518 1105 612 1167; x_wconf 87' lang='lat' dir='ltr'><strong>libera</strong></span> <span class='ocrx_word' id='word_1_62' title='bbox 635 1122 702 1167; x_wconf 86' lang='lat' dir='ltr'><strong>esse</strong></span> <span class='ocrx_word' id='word_1_63' title='bbox 731 1104 863 1181; x_wconf 89' lang='lat' dir='ltr'><strong>deberet,</strong></span> <span class='ocrx_word' id='word_1_64' title='bbox 892 1109 1102 1183; x_wconf 86' lang='lat' dir='ltr'><strong>occupaverat,</strong></span> <span class='ocrx_word' id='word_1_65' title='bbox 1133 1123 1159 1166; x_wconf 91' lang='lat' dir='ltr'><strong>a.</strong></span> <span class='ocrx_word' id='word_1_66' title='bbox 1184 1105 1247 1166; x_wconf 89' lang='grc'><strong>625</strong></span> <span class='ocrx_word' id='word_1_67' title='bbox 1263 1131 1303 1156; x_wconf 96' lang='lat'><strong><em>=</em></strong></span> <span class='ocrx_word' id='word_1_68' title='bbox 1322 1106 1383 1167; x_wconf 82' lang='lat'><strong>129</strong></span> <span class='ocrx_word' id='word_1_69' title='bbox 1414 1122 1477 1165; x_wconf 90' lang='lat' dir='ltr'><strong>cos.</strong></span> <span class='ocrx_word' id='word_1_70' title='bbox 1501 1104 1640 1166; x_wconf 88' lang='lat' dir='ltr'><strong>coniecit</strong></span> <span class='ocrx_word' id='word_1_71' title='bbox 1675 1104 1789 1181; x_wconf 77' lang='lat' dir='ltr'><strong>lislam,</strong></span> <span class='ocrx_word' id='word_1_72' title='bbox 1821 1106 1850 1166; x_wconf 93' lang='lat' dir='ltr'><strong>in</strong></span> <span class='ocrx_word' id='word_1_73' title='bbox 1882 1123 1944 1182; x_wconf 95' lang='lat' dir='ltr'><strong>qua</strong></span> <span class='ocrx_word' id='word_1_74' title='bbox 1975 1123 2074 1184; x_wconf 93' lang='lat' dir='ltr'><strong>usque</strong></span> 
     </span>
     <span class='ocr_line' id='line_1_9' title="bbox 205 1194 2073 1272; baseline 0 -16"><span class='ocrx_word' id='word_1_75' title='bbox 205 1194 243 1256; x_wconf 89' lang='lat' dir='ltr'><strong>ad</strong></span> <span class='ocrx_word' id='word_1_76' title='bbox 267 1212 293 1255; x_wconf 87' lang='lat' dir='ltr'><strong>a</strong></span> <span class='ocrx_word' id='word_1_77' title='bbox 319 1194 438 1256; x_wconf 80' lang='lat'>628:</span> <span class='ocrx_word' id='word_1_78' title='bbox 456 1195 526 1269; x_wconf 92' lang='grc'><strong>126,</strong></span> <span class='ocrx_word' id='word_1_79' title='bbox 550 1211 615 1272; x_wconf 94' lang='lat' dir='ltr'><strong>quo</strong></span> <span class='ocrx_word' id='word_1_80' title='bbox 639 1212 676 1255; x_wconf 97' lang='lat' dir='ltr'><strong>ex</strong></span> <span class='ocrx_word' id='word_1_81' title='bbox 700 1212 735 1255; x_wconf 89' lang='lat' dir='ltr'><strong>ea</strong></span> <span class='ocrx_word' id='word_1_82' title='bbox 757 1194 964 1272; x_wconf 90' lang='lat' dir='ltr'><strong>triumphavit,</strong></span> <span class='ocrx_word' id='word_1_83' title='bbox 993 1212 1064 1255; x_wconf 93' lang='lat' dir='ltr'><strong>cum</strong></span> <span class='ocrx_word' id='word_1_84' title='bbox 1095 1195 1226 1271; x_wconf 91' lang='lat' dir='ltr'><strong>imperio</strong></span> <span class='ocrx_word' id='word_1_85' title='bbox 1255 1194 1467 1270; x_wconf 83' lang='lat' dir='ltr'><strong>proconsulari</strong></span> <span class='ocrx_word' id='word_1_86' title='bbox 1497 1195 1649 1270; x_wconf 85' lang='lat' dir='ltr'><strong>remansit,</strong></span> <span class='ocrx_word' id='word_1_87' title='bbox 1677 1199 1800 1256; x_wconf 90' lang='lat' dir='ltr'><strong>senatus</strong></span> <span class='ocrx_word' id='word_1_88' title='bbox 1828 1195 1912 1255; x_wconf 89' lang='lat' dir='ltr'><strong>iussu</strong></span> <span class='ocrx_word' id='word_1_89' title='bbox 1943 1195 1972 1256; x_wconf 92' lang='lat' dir='ltr'><strong>in</strong></span> <span class='ocrx_word' id='word_1_90' title='bbox 2003 1213 2073 1272; x_wconf 94' lang='lat' dir='ltr'><strong>pro·</strong></span> 
     </span>
     <span class='ocr_line' id='line_1_10' title="bbox 206 1281 2073 1365; baseline 0.001 -21"><span class='ocrx_word' id='word_1_91' title='bbox 206 1285 325 1345; x_wconf 87' lang='lat' dir='ltr'><strong>vinciae</strong></span> <span class='ocrx_word' id='word_1_92' title='bbox 347 1283 480 1345; x_wconf 83' lang='lat' dir='ltr'><strong>formam</strong></span> <span class='ocrx_word' id='word_1_93' title='bbox 506 1283 630 1361; x_wconf 82' lang='lat' dir='ltr'><strong>redegit.</strong></span> <span class='ocrx_word' id='word_1_94' title='bbox 676 1284 765 1344; x_wconf 87' lang='lat' dir='ltr'><strong>Tunc</strong></span> <span class='ocrx_word' id='word_1_95' title='bbox 788 1284 851 1345; x_wconf 89' lang='lat' dir='ltr'><strong>vias</strong></span> <span class='ocrx_word' id='word_1_96' title='bbox 875 1282 1015 1360; x_wconf 91' lang='lat' dir='ltr'><strong>publicas</strong></span> <span class='ocrx_word' id='word_1_97' title='bbox 1039 1284 1212 1365; x_wconf 79' lang='lat' dir='ltr'><strong>munivit1).</strong></span> <span class='ocrx_word' id='word_1_98' title='bbox 1248 1281 1451 1361; x_wconf 83' lang='lat' dir='ltr'><strong>Elapidibus</strong></span> <span class='ocrx_word' id='word_1_99' title='bbox 1474 1284 1621 1345; x_wconf 90' lang='lat' dir='ltr'><strong>milliariis</strong></span> <span class='ocrx_word' id='word_1_100' title='bbox 1638 1283 1764 1345; x_wconf 81' lang='lat' dir='ltr'><strong>lucium</strong></span> <span class='ocrx_word' id='word_1_101' title='bbox 1791 1285 1866 1361; x_wconf 92' lang='lat' dir='ltr'><strong>patri</strong></span> <span class='ocrx_word' id='word_1_102' title='bbox 1891 1285 2073 1360; x_wconf 85' lang='lat' dir='ltr'><strong>proconsuli</strong></span> 
     </span>
     <span class='ocr_line' id='line_1_11' title="bbox 204 1372 2075 1451; baseline 0 -17"><span class='ocrx_word' id='word_1_103' title='bbox 204 1376 397 1451; x_wconf 87' lang='lat' dir='ltr'><strong>quaestorem</strong></span> <span class='ocrx_word' id='word_1_104' title='bbox 428 1372 521 1436; x_wconf 88' lang='lat' dir='ltr'><strong>luisse</strong></span> <span class='ocrx_word' id='word_1_105' title='bbox 550 1376 640 1449; x_wconf 91' lang='lat' dir='ltr'><strong>atque</strong></span> <span class='ocrx_word' id='word_1_106' title='bbox 668 1374 734 1434; x_wconf 91' lang='lat' dir='ltr'><strong>eius</strong></span> <span class='ocrx_word' id='word_1_107' title='bbox 762 1374 845 1434; x_wconf 91' lang='lat' dir='ltr'><strong>iussu</strong></span> <span class='ocrx_word' id='word_1_108' title='bbox 878 1373 942 1433; x_wconf 90' lang='lat' dir='ltr'><strong>vias</strong></span> <span class='ocrx_word' id='word_1_109' title='bbox 972 1373 1111 1434; x_wconf 89' lang='lat' dir='ltr'><strong>reiecisse</strong></span> <span class='ocrx_word' id='word_1_110' title='bbox 1140 1375 1301 1450; x_wconf 75' lang='lat' dir='ltr'><strong>apparet2).</strong></span> <span class='ocrx_word' id='word_1_111' title='bbox 1344 1412 1383 1421; x_wconf 92' lang='lat'>-</span> <span class='ocrx_word' id='word_1_112' title='bbox 1426 1373 1551 1434; x_wconf 87' lang='lat' dir='ltr'><strong>Nomen</strong></span> <span class='ocrx_word' id='word_1_113' title='bbox 1584 1372 1727 1450; x_wconf 72' lang='lat' dir='ltr'><strong>Aquilius</strong></span> <span class='ocrx_word' id='word_1_114' title='bbox 1759 1373 1788 1434; x_wconf 94' lang='lat' dir='ltr'><strong>in</strong></span> <span class='ocrx_word' id='word_1_115' title='bbox 1822 1373 2075 1450; x_wconf 85' lang='lat' dir='ltr'><strong>inscriptionibus</strong></span> 
     </span>
     <span class='ocr_line' id='line_1_12' title="bbox 205 1460 2074 1540; baseline 0.001 -18"><span class='ocrx_word' id='word_1_116' title='bbox 205 1462 404 1539; x_wconf 87' lang='lat' dir='ltr'><strong>nummisque</strong></span> <span class='ocrx_word' id='word_1_117' title='bbox 437 1463 636 1540; x_wconf 89' lang='lat' dir='ltr'><strong>antiquorum</strong></span> <span class='ocrx_word' id='word_1_118' title='bbox 668 1465 845 1539; x_wconf 91' lang='lat' dir='ltr'><strong>temporum</strong></span> <span class='ocrx_word' id='word_1_119' title='bbox 875 1479 998 1540; x_wconf 86' lang='lat' dir='ltr'><strong>semper</strong></span> <span class='ocrx_word' id='word_1_120' title='bbox 1026 1461 1089 1522; x_wconf 86' lang='lat' dir='ltr'><strong>iere</strong></span> <span class='ocrx_word' id='word_1_121' title='bbox 1118 1463 1250 1539; x_wconf 79' lang='lat' dir='ltr'><strong>simplici</strong></span> <span class='ocrx_word' id='word_1_122' title='bbox 1284 1462 1377 1523; x_wconf 89' lang='lat' dir='ltr'><strong>littera</strong></span> <span class='ocrx_word' id='word_1_123' title='bbox 1409 1462 1431 1523; x_wconf 79' lang='lat' dir='ltr'><strong>l</strong></span> <span class='ocrx_word' id='word_1_124' title='bbox 1461 1462 1610 1524; x_wconf 86' lang='lat' dir='ltr'><strong>scribitur.</strong></span> <span class='ocrx_word' id='word_1_125' title='bbox 1670 1460 1785 1539; x_wconf 80' lang='lat' dir='ltr'><strong>nqunn</strong></span> <span class='ocrx_word' id='word_1_126' title='bbox 1818 1466 1920 1523; x_wconf 89' lang='lat' dir='ltr'><strong>autem</strong></span> <span class='ocrx_word' id='word_1_127' title='bbox 1954 1462 2074 1525; x_wconf 83' lang='lat' dir='ltr'><strong>Graece</strong></span> 
     </span>
     <span class='ocr_line' id='line_1_13' title="bbox 203 1549 2074 1629; baseline 0.001 -17"><span class='ocrx_word' id='word_1_128' title='bbox 203 1551 368 1613; x_wconf 89' lang='lat' dir='ltr'><strong>audiebant</strong></span> <span class='ocrx_word' id='word_1_129' title='bbox 391 1549 563 1625; x_wconf 58' lang='lat' dir='ltr'><strong>:truttm-</strong></span> <span class='ocrx_word' id='word_1_130' title='bbox 591 1552 621 1612; x_wconf 92' lang='lat' dir='ltr'><strong>in</strong></span> <span class='ocrx_word' id='word_1_131' title='bbox 652 1551 832 1612; x_wconf 89' lang='lat' dir='ltr'><strong>nominibus</strong></span> <span class='ocrx_word' id='word_1_132' title='bbox 863 1552 946 1612; x_wconf 93' lang='lat' dir='ltr'><strong>enim</strong></span> <span class='ocrx_word' id='word_1_133' title='bbox 976 1552 1108 1629; x_wconf 91' lang='lat' dir='ltr'><strong>propriis</strong></span> <span class='ocrx_word' id='word_1_134' title='bbox 1137 1552 1257 1626; x_wconf 78' lang='lat' dir='ltr'><strong>latinis,</strong></span> <span class='ocrx_word' id='word_1_135' title='bbox 1285 1569 1365 1628; x_wconf 91' lang='lat' dir='ltr'><strong>quae</strong></span> <span class='ocrx_word' id='word_1_136' title='bbox 1393 1551 1423 1611; x_wconf 91' lang='lat' dir='ltr'><strong>in</strong></span> <span class='ocrx_word' id='word_1_137' title='bbox 1453 1587 1494 1594; x_wconf 89' lang='lat'><em>-</em></span> <span class='ocrx_word' id='word_1_138' title='bbox 1525 1553 1594 1613; x_wconf 91' lang='lat' dir='ltr'><strong>ilius</strong></span> <span class='ocrx_word' id='word_1_139' title='bbox 1623 1551 1753 1627; x_wconf 88' lang='lat' dir='ltr'><strong>exibant,</strong></span> <span class='ocrx_word' id='word_1_140' title='bbox 1781 1551 1949 1614; x_wconf 90' lang='lat' dir='ltr'><strong>aGraecis</strong></span> <span class='ocrx_word' id='word_1_141' title='bbox 1979 1552 2074 1613; x_wconf 90' lang='lat' dir='ltr'><strong>littera</strong></span> 
     </span>
     <span class='ocr_line' id='line_1_14' title="bbox 206 1639 788 1718; baseline 0.002 -17"><span class='ocrx_word' id='word_1_142' title='bbox 206 1658 384 1702; x_wconf 88' lang='lat' dir='ltr'><strong>consonans</strong></span> <span class='ocrx_word' id='word_1_143' title='bbox 409 1641 431 1701; x_wconf 95' lang='lat' dir='ltr'><strong>l.</strong></span> <span class='ocrx_word' id='word_1_144' title='bbox 454 1657 545 1717; x_wconf 85' lang='lat' dir='ltr'><strong>saepe</strong></span> <span class='ocrx_word' id='word_1_145' title='bbox 568 1639 788 1718; x_wconf 86' lang='lat' dir='ltr'><strong>geminabatur.</strong></span> 
     </span>
    </p>
   </div>
   <div class='ocr_carea' id='block_1_6' title="bbox 741 1886 1541 1990">
    <p class='ocr_par' dir='ltr' id='par_1_6' title="bbox 741 1886 1541 1990">
     <span class='ocr_line' id='line_1_15' title="bbox 741 1886 1541 1990; baseline -0.001 -22"><span class='ocrx_word' id='word_1_146' title='bbox 741 1886 786 1967; x_wconf 90' lang='lat' dir='ltr'><strong>C.</strong></span> <span class='ocrx_word' id='word_1_147' title='bbox 817 1886 1066 1990; x_wconf 88' lang='lat' dir='ltr'><strong>Sempronius</strong></span> <span class='ocrx_word' id='word_1_148' title='bbox 1094 1887 1148 1967; x_wconf 84' lang='lat' dir='ltr'><strong>Ti.</strong></span> <span class='ocrx_word' id='word_1_149' title='bbox 1167 1887 1191 1966; x_wconf 88' lang='lat' dir='ltr'><strong>i.</strong></span> <span class='ocrx_word' id='word_1_150' title='bbox 1213 1888 1250 1967; x_wconf 95' lang='lat' dir='ltr'><strong>P.</strong></span> <span class='ocrx_word' id='word_1_151' title='bbox 1271 1912 1304 1966; x_wconf 91' lang='lat' dir='ltr'><strong>n.</strong></span> <span class='ocrx_word' id='word_1_152' title='bbox 1332 1886 1541 1968; x_wconf 84' lang='lat' dir='ltr'><strong>Gracchus.</strong></span> 
     </span>
    </p>
   </div>
   <div class='ocr_carea' id='block_1_7' title="bbox 205 2033 2075 2759">
    <p class='ocr_par' dir='ltr' id='par_1_7' title="bbox 205 2033 2075 2759">
     <span class='ocr_line' id='line_1_16' title="bbox 205 2033 2075 2116; baseline 0.002 -18"><span class='ocrx_word' id='word_1_153' title='bbox 205 2033 286 2099; x_wconf 84' lang='lat' dir='ltr'><strong>Gell.</strong></span> <span class='ocrx_word' id='word_1_154' title='bbox 311 2034 433 2111; x_wconf 86' lang='lat' dir='ltr'><strong>XV,12:</strong></span> <span class='ocrx_word' id='word_1_155' title='bbox 453 2044 486 2102; x_wconf 92' lang='lat' dir='ltr'><strong>C.</strong></span> <span class='ocrx_word' id='word_1_156' title='bbox 506 2045 653 2102; x_wconf 89' lang='lat' dir='ltr'><strong>Gracchus</strong></span> <span class='ocrx_word' id='word_1_157' title='bbox 672 2061 736 2100; x_wconf 90' lang='lat' dir='ltr'><strong>cum</strong></span> <span class='ocrx_word' id='word_1_158' title='bbox 757 2061 794 2100; x_wconf 89' lang='lat' dir='ltr'><strong>ex</strong></span> <span class='ocrx_word' id='word_1_159' title='bbox 813 2043 941 2101; x_wconf 88' lang='lat' dir='ltr'><strong>Sardinia</strong></span> <span class='ocrx_word' id='word_1_160' title='bbox 961 2046 1050 2111; x_wconf 86' lang='lat' dir='ltr'><strong>rediit,</strong></span> <span class='ocrx_word' id='word_1_161' title='bbox 1070 2045 1229 2101; x_wconf 88' lang='lat' dir='ltr'><strong>orationem</strong></span> <span class='ocrx_word' id='word_1_162' title='bbox 1249 2046 1285 2101; x_wconf 91' lang='lat' dir='ltr'><strong>ad</strong></span> <span class='ocrx_word' id='word_1_163' title='bbox 1305 2047 1444 2116; x_wconf 89' lang='lat' dir='ltr'><strong>populum</strong></span> <span class='ocrx_word' id='word_1_164' title='bbox 1471 2047 1499 2101; x_wconf 91' lang='lat' dir='ltr'><strong>in</strong></span> <span class='ocrx_word' id='word_1_165' title='bbox 1523 2046 1656 2102; x_wconf 90' lang='lat' dir='ltr'><strong>contione</strong></span> <span class='ocrx_word' id='word_1_166' title='bbox 1683 2046 1789 2102; x_wconf 87' lang='lat' dir='ltr'><strong>habuit.</strong></span> <span class='ocrx_word' id='word_1_167' title='bbox 1829 2045 1868 2101; x_wconf 82' lang='lat' dir='ltr'><strong>Ea</strong></span> <span class='ocrx_word' id='word_1_168' title='bbox 1892 2046 1978 2102; x_wconf 88' lang='lat' dir='ltr'><strong>verba</strong></span> <span class='ocrx_word' id='word_1_169' title='bbox 2004 2047 2075 2102; x_wconf 87' lang='lat' dir='ltr'><strong>haec</strong></span> 
     </span>
     <span class='ocr_line' id='line_1_17' title="bbox 419 2117 2075 2243; baseline 0 -70"><span class='ocrx_word' id='word_1_170' title='bbox 419 2122 497 2174; x_wconf 83' lang='lat' dir='ltr'><strong>sunt:</strong></span> <span class='ocrx_word' id='word_1_171' title='bbox 517 2118 655 2173; x_wconf 88' lang='lat' dir='ltr'><strong>Versatus</strong></span> <span class='ocrx_word' id='word_1_172' title='bbox 674 2132 738 2172; x_wconf 93' lang='lat' dir='ltr'><strong>sum</strong></span> <span class='ocrx_word' id='word_1_173' title='bbox 759 2117 787 2172; x_wconf 93' lang='lat' dir='ltr'><strong>in</strong></span> <span class='ocrx_word' id='word_1_174' title='bbox 807 2117 959 2243; x_wconf 51' lang='lat' dir='ltr'><strong>grovincia,</strong></span> <span class='ocrx_word' id='word_1_175' title='bbox 980 2117 1129 2187; x_wconf 90' lang='lat' dir='ltr'><strong>quomodo</strong></span> <span class='ocrx_word' id='word_1_176' title='bbox 1148 2133 1185 2172; x_wconf 91' lang='lat' dir='ltr'><strong>ex</strong></span> <span class='ocrx_word' id='word_1_177' title='bbox 1200 2133 1254 2172; x_wconf 90' lang='lat' dir='ltr'><strong>usu</strong></span> <span class='ocrx_word' id='word_1_178' title='bbox 1268 2121 1363 2173; x_wconf 85' lang='lat' dir='ltr'><strong>vestro</strong></span> <span class='ocrx_word' id='word_1_179' title='bbox 1379 2118 1578 2173; x_wconf 87' lang='lat' dir='ltr'><strong>existimabam</strong></span> <span class='ocrx_word' id='word_1_180' title='bbox 1594 2133 1667 2184; x_wconf 90' lang='lat' dir='ltr'><strong>esse,</strong></span> <span class='ocrx_word' id='word_1_181' title='bbox 1687 2134 1745 2173; x_wconf 92' lang='lat' dir='ltr'><strong>non</strong></span> <span class='ocrx_word' id='word_1_182' title='bbox 1761 2117 1910 2188; x_wconf 91' lang='lat' dir='ltr'><strong>quomodo</strong></span> <span class='ocrx_word' id='word_1_183' title='bbox 1926 2118 2075 2174; x_wconf 84' lang='lat' dir='ltr'><strong>ambitioni</strong></span> 
     </span>
     <span class='ocr_line' id='line_1_18' title="bbox 420 2188 2074 2260; baseline 0.001 -16"><span class='ocrx_word' id='word_1_184' title='bbox 420 2205 502 2245; x_wconf 88' lang='lat' dir='ltr'><strong>meae</strong></span> <span class='ocrx_word' id='word_1_185' title='bbox 521 2189 681 2245; x_wconf 85' lang='lat' dir='ltr'><strong>conducere</strong></span> <span class='ocrx_word' id='word_1_186' title='bbox 706 2189 808 2244; x_wconf 87' lang='lat' dir='ltr'><strong>arbitra</strong></span> <span class='ocrx_word' id='word_1_187' title='bbox 831 2204 869 2244; x_wconf 93' lang='lat' dir='ltr'><strong>ar.</strong></span> <span class='ocrx_word' id='word_1_188' title='bbox 907 2188 991 2243; x_wconf 89' lang='lat' dir='ltr'><strong>Nulla</strong></span> <span class='ocrx_word' id='word_1_189' title='bbox 1016 2189 1091 2258; x_wconf 88' lang='lat' dir='ltr'><strong>apud</strong></span> <span class='ocrx_word' id='word_1_190' title='bbox 1117 2188 1239 2244; x_wconf 83' lang='lat' dir='ltr'><strong>metuit</strong></span> <span class='ocrx_word' id='word_1_191' title='bbox 1262 2189 1378 2260; x_wconf 87' lang='lat' dir='ltr'><strong>popina,</strong></span> <span class='ocrx_word' id='word_1_192' title='bbox 1402 2205 1497 2260; x_wconf 89' lang='lat' dir='ltr'><strong>neque</strong></span> <span class='ocrx_word' id='word_1_193' title='bbox 1521 2189 1599 2259; x_wconf 88' lang='lat' dir='ltr'><strong>pueri</strong></span> <span class='ocrx_word' id='word_1_194' title='bbox 1625 2189 1729 2245; x_wconf 89' lang='lat' dir='ltr'><strong>eximia</strong></span> <span class='ocrx_word' id='word_1_195' title='bbox 1752 2189 1824 2244; x_wconf 86' lang='lat' dir='ltr'><strong>facie</strong></span> <span class='ocrx_word' id='word_1_196' title='bbox 1849 2188 1969 2256; x_wconf 86' lang='lat' dir='ltr'><strong>stabant,</strong></span> <span class='ocrx_word' id='word_1_197' title='bbox 1994 2193 2022 2245; x_wconf 90' lang='lat' dir='ltr'><strong>et</strong></span> <span class='ocrx_word' id='word_1_198' title='bbox 2046 2190 2074 2245; x_wconf 92' lang='lat' dir='ltr'><strong>in</strong></span> 
     </span>
     <span class='ocr_line' id='line_1_19' title="bbox 419 2259 2074 2331; baseline 0 -15"><span class='ocrx_word' id='word_1_199' title='bbox 419 2261 549 2316; x_wconf 86' lang='lat' dir='ltr'><strong>convivio</strong></span> <span class='ocrx_word' id='word_1_200' title='bbox 570 2260 648 2316; x_wconf 90' lang='lat' dir='ltr'><strong>liberi</strong></span> <span class='ocrx_word' id='word_1_201' title='bbox 667 2260 752 2315; x_wconf 87' lang='lat' dir='ltr'><strong>vestri</strong></span> <span class='ocrx_word' id='word_1_202' title='bbox 773 2259 932 2315; x_wconf 88' lang='lat' dir='ltr'><strong>modestius</strong></span> <span class='ocrx_word' id='word_1_203' title='bbox 952 2265 1032 2315; x_wconf 90' lang='lat' dir='ltr'><strong>erant</strong></span> <span class='ocrx_word' id='word_1_204' title='bbox 1051 2276 1136 2330; x_wconf 91' lang='lat' dir='ltr'><strong>quarn</strong></span> <span class='ocrx_word' id='word_1_205' title='bbox 1158 2260 1234 2330; x_wconf 88' lang='lat' dir='ltr'><strong>apud</strong></span> <span class='ocrx_word' id='word_1_206' title='bbox 1255 2261 1398 2331; x_wconf 89' lang='lat' dir='ltr'><strong>principia.</strong></span> <span class='ocrx_word' id='word_1_207' title='bbox 1419 2292 1452 2300; x_wconf 95' lang='lat'>—</span> <span class='ocrx_word' id='word_1_208' title='bbox 1474 2260 1543 2316; x_wconf 89' lang='lat' dir='ltr'><strong>Post</strong></span> <span class='ocrx_word' id='word_1_209' title='bbox 1563 2260 1666 2316; x_wconf 88' lang='lat' dir='ltr'><strong>deinde</strong></span> <span class='ocrx_word' id='word_1_210' title='bbox 1686 2260 1758 2316; x_wconf 88' lang='lat' dir='ltr'><strong>haec</strong></span> <span class='ocrx_word' id='word_1_211' title='bbox 1776 2260 1855 2316; x_wconf 91' lang='lat' dir='ltr'><strong>dicit:</strong></span> <span class='ocrx_word' id='word_1_212' title='bbox 1880 2260 1921 2316; x_wconf 90' lang='lat' dir='ltr'><strong>lla</strong></span> <span class='ocrx_word' id='word_1_213' title='bbox 1943 2264 2074 2316; x_wconf 85' lang='lat' dir='ltr'><strong>versatus</strong></span> 
     </span>
     <span class='ocr_line' id='line_1_20' title="bbox 420 2330 2074 2402; baseline -0.001 -14"><span class='ocrx_word' id='word_1_214' title='bbox 420 2349 483 2388; x_wconf 91' lang='lat' dir='ltr'><strong>sum</strong></span> <span class='ocrx_word' id='word_1_215' title='bbox 504 2332 532 2386; x_wconf 91' lang='lat' dir='ltr'><strong>in</strong></span> <span class='ocrx_word' id='word_1_216' title='bbox 552 2331 704 2402; x_wconf 88' lang='lat' dir='ltr'><strong>provincia,</strong></span> <span class='ocrx_word' id='word_1_217' title='bbox 724 2335 755 2387; x_wconf 90' lang='lat' dir='ltr'><strong>ut</strong></span> <span class='ocrx_word' id='word_1_218' title='bbox 774 2347 860 2386; x_wconf 89' lang='lat' dir='ltr'><strong>nemo</strong></span> <span class='ocrx_word' id='word_1_219' title='bbox 880 2337 979 2401; x_wconf 91' lang='lat' dir='ltr'><strong>posset</strong></span> <span class='ocrx_word' id='word_1_220' title='bbox 997 2347 1064 2386; x_wconf 88' lang='lat' dir='ltr'><strong>vere</strong></span> <span class='ocrx_word' id='word_1_221' title='bbox 1087 2331 1180 2386; x_wconf 88' lang='lat' dir='ltr'><strong>dicere</strong></span> <span class='ocrx_word' id='word_1_222' title='bbox 1201 2347 1295 2386; x_wconf 87' lang='lat' dir='ltr'><strong>assem</strong></span> <span class='ocrx_word' id='word_1_223' title='bbox 1321 2335 1370 2387; x_wconf 91' lang='lat' dir='ltr'><strong>aut</strong></span> <span class='ocrx_word' id='word_1_224' title='bbox 1393 2348 1429 2388; x_wconf 96' lang='lat' dir='ltr'><strong>eo</strong></span> <span class='ocrx_word' id='word_1_225' title='bbox 1453 2332 1517 2402; x_wconf 90' lang='lat' dir='ltr'><strong>plus</strong></span> <span class='ocrx_word' id='word_1_226' title='bbox 1540 2332 1568 2387; x_wconf 93' lang='lat' dir='ltr'><strong>in</strong></span> <span class='ocrx_word' id='word_1_227' title='bbox 1594 2332 1760 2387; x_wconf 90' lang='lat' dir='ltr'><strong>muneribus</strong></span> <span class='ocrx_word' id='word_1_228' title='bbox 1785 2347 1831 2386; x_wconf 88' lang='lat' dir='ltr'><strong>me</strong></span> <span class='ocrx_word' id='word_1_229' title='bbox 1856 2330 1999 2402; x_wconf 84' lang='lat' dir='ltr'><strong>accepisse</strong></span> <span class='ocrx_word' id='word_1_230' title='bbox 2024 2335 2074 2387; x_wconf 88' lang='lat' dir='ltr'><strong>aut</strong></span> 
     </span>
     <span class='ocr_line' id='line_1_21' title="bbox 421 2401 2071 2486; baseline -0.001 -27"><span class='ocrx_word' id='word_1_231' title='bbox 421 2419 485 2459; x_wconf 86' lang='lat' dir='ltr'><strong>mea</strong></span> <span class='ocrx_word' id='word_1_232' title='bbox 504 2419 593 2486; x_wconf 83' lang='lat' dir='ltr'><strong>opera</strong></span> <span class='ocrx_word' id='word_1_233' title='bbox 613 2418 788 2473; x_wconf 88' lang='lat' dir='ltr'><strong>quemquam</strong></span> <span class='ocrx_word' id='word_1_234' title='bbox 808 2407 954 2472; x_wconf 91' lang='lat' dir='ltr'><strong>sumptum</strong></span> <span class='ocrx_word' id='word_1_235' title='bbox 974 2402 1085 2458; x_wconf 88' lang='lat' dir='ltr'><strong>iecisse.</strong></span> <span class='ocrx_word' id='word_1_236' title='bbox 1124 2401 1274 2458; x_wconf 76' lang='lat' dir='ltr'><strong>biennium</strong></span> <span class='ocrx_word' id='word_1_237' title='bbox 1294 2402 1333 2457; x_wconf 86' lang='lat' dir='ltr'><strong>tui</strong></span> <span class='ocrx_word' id='word_1_238' title='bbox 1353 2403 1381 2458; x_wconf 94' lang='lat' dir='ltr'><strong>in</strong></span> <span class='ocrx_word' id='word_1_239' title='bbox 1397 2404 1548 2473; x_wconf 87' lang='lat' dir='ltr'><strong>provincia.</strong></span> <span class='ocrx_word' id='word_1_240' title='bbox 1576 2401 1604 2458; x_wconf 89' lang='lat' dir='ltr'><strong>Si</strong></span> <span class='ocrx_word' id='word_1_241' title='bbox 1619 2403 1676 2458; x_wconf 92' lang='lat' dir='ltr'><strong>ulla</strong></span> <span class='ocrx_word' id='word_1_242' title='bbox 1691 2403 1824 2458; x_wconf 89' lang='lat' dir='ltr'><strong>meretrix</strong></span> <span class='ocrx_word' id='word_1_243' title='bbox 1838 2403 1956 2458; x_wconf 90' lang='lat' dir='ltr'><strong>domum</strong></span> <span class='ocrx_word' id='word_1_244' title='bbox 1976 2417 2071 2458; x_wconf 87' lang='lat' dir='ltr'><strong>meam</strong></span> 
     </span>
     <span class='ocr_line' id='line_1_22' title="bbox 419 2473 2071 2544; baseline -0.001 -15"><span class='ocrx_word' id='word_1_245' title='bbox 419 2474 542 2530; x_wconf 80' lang='lat' dir='ltr'><strong>introivit</strong></span> <span class='ocrx_word' id='word_1_246' title='bbox 570 2477 618 2530; x_wconf 87' lang='lat' dir='ltr'><strong>aut</strong></span> <span class='ocrx_word' id='word_1_247' title='bbox 646 2475 815 2544; x_wconf 90' lang='lat' dir='ltr'><strong>cuiusquam</strong></span> <span class='ocrx_word' id='word_1_248' title='bbox 841 2473 970 2528; x_wconf 86' lang='lat' dir='ltr'><strong>servulus</strong></span> <span class='ocrx_word' id='word_1_249' title='bbox 999 2477 1114 2544; x_wconf 90' lang='lat' dir='ltr'><strong>propter</strong></span> <span class='ocrx_word' id='word_1_250' title='bbox 1140 2490 1186 2529; x_wconf 90' lang='lat' dir='ltr'><strong>me</strong></span> <span class='ocrx_word' id='word_1_251' title='bbox 1212 2474 1377 2529; x_wconf 90' lang='lat' dir='ltr'><strong>sollicitatus</strong></span> <span class='ocrx_word' id='word_1_252' title='bbox 1403 2478 1455 2541; x_wconf 91' lang='lat' dir='ltr'><strong>est,</strong></span> <span class='ocrx_word' id='word_1_253' title='bbox 1483 2475 1612 2538; x_wconf 87' lang='lat' dir='ltr'><strong>omnium</strong></span> <span class='ocrx_word' id='word_1_254' title='bbox 1639 2474 1786 2530; x_wconf 90' lang='lat' dir='ltr'><strong>nationum</strong></span> <span class='ocrx_word' id='word_1_255' title='bbox 1813 2473 2071 2544; x_wconf 82' lang='lat' dir='ltr'><strong>postremissimum</strong></span> 
     </span>
     <span class='ocr_line' id='line_1_23' title="bbox 419 2543 2071 2617; baseline -0.001 -16"><span class='ocrx_word' id='word_1_256' title='bbox 419 2546 687 2616; x_wconf 89' lang='lat' dir='ltr'><strong>nequissimumque</strong></span> <span class='ocrx_word' id='word_1_257' title='bbox 707 2544 899 2600; x_wconf 89' lang='lat' dir='ltr'><strong>existimatote</strong></span> <span class='ocrx_word' id='word_1_258' title='bbox 918 2585 1014 2600; x_wconf 92' lang='lat'><strong>......</strong></span> <span class='ocrx_word' id='word_1_259' title='bbox 1034 2545 1128 2615; x_wconf 73' lang='lat' dir='ltr'><strong>Atque</strong></span> <span class='ocrx_word' id='word_1_260' title='bbox 1148 2545 1185 2600; x_wconf 91' lang='lat' dir='ltr'><strong>ibi</strong></span> <span class='ocrx_word' id='word_1_261' title='bbox 1201 2561 1238 2600; x_wconf 89' lang='lat' dir='ltr'><strong>ex</strong></span> <span class='ocrx_word' id='word_1_262' title='bbox 1251 2545 1410 2601; x_wconf 88' lang='lat' dir='ltr'><strong>intervallo:</strong></span> <span class='ocrx_word' id='word_1_263' title='bbox 1431 2546 1538 2617; x_wconf 88' lang='lat' dir='ltr'><strong>ltaque,</strong></span> <span class='ocrx_word' id='word_1_264' title='bbox 1558 2545 1691 2612; x_wconf 88' lang='lat' dir='ltr'><strong>Quirites,</strong></span> <span class='ocrx_word' id='word_1_265' title='bbox 1712 2562 1776 2601; x_wconf 89' lang='lat' dir='ltr'><strong>cunr</strong></span> <span class='ocrx_word' id='word_1_266' title='bbox 1793 2544 1912 2605; x_wconf 86' lang='lat' dir='ltr'><strong>Romam</strong></span> <span class='ocrx_word' id='word_1_267' title='bbox 1926 2543 2071 2616; x_wconf 86' lang='lat' dir='ltr'><strong>proiectus</strong></span> 
     </span>
     <span class='ocr_line' id='line_1_24' title="bbox 420 2615 2072 2688; baseline -0.001 -16"><span class='ocrx_word' id='word_1_268' title='bbox 420 2632 493 2686; x_wconf 88' lang='lat' dir='ltr'><strong>sum,</strong></span> <span class='ocrx_word' id='word_1_269' title='bbox 512 2633 609 2685; x_wconf 90' lang='lat' dir='ltr'><strong>zonas,</strong></span> <span class='ocrx_word' id='word_1_270' title='bbox 629 2633 701 2687; x_wconf 89' lang='lat' dir='ltr'><strong>quas</strong></span> <span class='ocrx_word' id='word_1_271' title='bbox 720 2617 821 2688; x_wconf 87' lang='lat' dir='ltr'><strong>plenas</strong></span> <span class='ocrx_word' id='word_1_272' title='bbox 840 2617 949 2687; x_wconf 83' lang='lat' dir='ltr'><strong>argenti</strong></span> <span class='ocrx_word' id='word_1_273' title='bbox 969 2616 1064 2685; x_wconf 85' lang='lat' dir='ltr'><strong>extuli,</strong></span> <span class='ocrx_word' id='word_1_274' title='bbox 1084 2632 1134 2672; x_wconf 90' lang='lat' dir='ltr'><strong>eas</strong></span> <span class='ocrx_word' id='word_1_275' title='bbox 1160 2632 1196 2671; x_wconf 89' lang='lat' dir='ltr'><strong>ex</strong></span> <span class='ocrx_word' id='word_1_276' title='bbox 1220 2617 1363 2687; x_wconf 86' lang='lat' dir='ltr'><strong>provincia</strong></span> <span class='ocrx_word' id='word_1_277' title='bbox 1387 2617 1489 2673; x_wconf 89' lang='lat' dir='ltr'><strong>inanes</strong></span> <span class='ocrx_word' id='word_1_278' title='bbox 1514 2618 1615 2673; x_wconf 87' lang='lat' dir='ltr'><strong>rettuli.</strong></span> <span class='ocrx_word' id='word_1_279' title='bbox 1652 2617 1706 2673; x_wconf 78' lang='lat' dir='ltr'><strong>Alii</strong></span> <span class='ocrx_word' id='word_1_280' title='bbox 1730 2618 1787 2672; x_wconf 88' lang='lat' dir='ltr'><strong>vini</strong></span> <span class='ocrx_word' id='word_1_281' title='bbox 1812 2615 1972 2688; x_wconf 87' lang='lat' dir='ltr'><strong>amphoras,</strong></span> <span class='ocrx_word' id='word_1_282' title='bbox 1997 2631 2072 2687; x_wconf 89' lang='lat' dir='ltr'><strong>quas</strong></span> 
     </span>
     <span class='ocr_line' id='line_1_25' title="bbox 419 2688 1402 2759; baseline 0 -15"><span class='ocrx_word' id='word_1_283' title='bbox 419 2688 520 2759; x_wconf 89' lang='lat' dir='ltr'><strong>plenas</strong></span> <span class='ocrx_word' id='word_1_284' title='bbox 539 2689 671 2756; x_wconf 87' lang='lat' dir='ltr'><strong>tulerunt,</strong></span> <span class='ocrx_word' id='word_1_285' title='bbox 691 2704 741 2744; x_wconf 90' lang='lat' dir='ltr'><strong>eas</strong></span> <span class='ocrx_word' id='word_1_286' title='bbox 760 2691 879 2759; x_wconf 89' lang='lat' dir='ltr'><strong>argento</strong></span> <span class='ocrx_word' id='word_1_287' title='bbox 899 2688 1022 2758; x_wconf 88' lang='lat' dir='ltr'><strong>repletas</strong></span> <span class='ocrx_word' id='word_1_288' title='bbox 1041 2688 1160 2743; x_wconf 88' lang='lat' dir='ltr'><strong>domurn</strong></span> <span class='ocrx_word' id='word_1_289' title='bbox 1181 2691 1402 2758; x_wconf 87' lang='lat' dir='ltr'><strong>reportaverunt.</strong></span> 
     </span>
    </p>
   </div>
   <div class='ocr_carea' id='block_1_8' title="bbox 206 2799 1873 3007">
    <p class='ocr_par' dir='ltr' id='par_1_8' title="bbox 206 2799 1873 3007">
     <span class='ocr_line' id='line_1_26' title="bbox 206 2799 1607 2884; baseline 0.001 -17"><span class='ocrx_word' id='word_1_290' title='bbox 206 2800 270 2864; x_wconf 81' lang='lat' dir='ltr'><strong>Cic·</strong></span> <span class='ocrx_word' id='word_1_291' title='bbox 296 2799 376 2861; x_wconf 66' lang='lat' dir='ltr'><strong>Brut</strong></span> <span class='ocrx_word' id='word_1_292' title='bbox 401 2801 528 2876; x_wconf 80' lang='lat'><strong>28,109:</strong></span> <span class='ocrx_word' id='word_1_293' title='bbox 554 2813 614 2869; x_wconf 77' lang='lat' dir='ltr'><strong>fuit</strong></span> <span class='ocrx_word' id='word_1_294' title='bbox 750 2813 791 2869; x_wconf 87' lang='grc' dir='ltr'><strong>Μ.</strong></span> <span class='ocrx_word' id='word_1_295' title='bbox 813 2812 921 2883; x_wconf 83' lang='lat' dir='ltr'><strong>lepido</strong></span> <span class='ocrx_word' id='word_1_296' title='bbox 943 2812 969 2868; x_wconf 87' lang='lat' dir='ltr'><strong>l.</strong></span> <span class='ocrx_word' id='word_1_297' title='bbox 989 2811 1094 2868; x_wconf 88' lang='lat' dir='ltr'><strong>Oreste</strong></span> <span class='ocrx_word' id='word_1_298' title='bbox 1113 2812 1280 2868; x_wconf 89' lang='lat' dir='ltr'><strong>consulibus</strong></span> <span class='ocrx_word' id='word_1_299' title='bbox 1300 2817 1435 2884; x_wconf 87' lang='lat' dir='ltr'><strong>quaestor</strong></span> <span class='ocrx_word' id='word_1_300' title='bbox 1453 2811 1607 2868; x_wconf 84' lang='lat' dir='ltr'><strong>Gracchus.</strong></span> 
     </span>
     <span class='ocr_line' id='line_1_27' title="bbox 206 2914 1873 3007; baseline -0.001 -16"><span class='ocrx_word' id='word_1_301' title='bbox 206 2923 284 2985; x_wconf 65' lang='lat' dir='ltr'><strong>plut·</strong></span> <span class='ocrx_word' id='word_1_302' title='bbox 308 2923 343 2986; x_wconf 81' lang='lat' dir='ltr'><strong>C·</strong></span> <span class='ocrx_word' id='word_1_303' title='bbox 368 2923 498 2985; x_wconf 67' lang='lat' dir='ltr'><strong>Gffloeh·</strong></span> <span class='ocrx_word' id='word_1_304' title='bbox 527 2926 592 2999; x_wconf 83' lang='lat' dir='ltr'><strong>l,3:</strong></span> <span class='ocrx_word' id='word_1_305' title='bbox 620 2936 795 3006; x_wconf 78' lang='grc' dir='ltr'><strong><em>Σοντυγχάνει</em></strong></span> <span class='ocrx_word' id='word_1_306' title='bbox 815 2935 844 2990; x_wconf 76' lang='lat' dir='ltr'><strong>di</strong></span> <span class='ocrx_word' id='word_1_307' title='bbox 862 2914 1094 3005; x_wconf 43' lang='lat' dir='ltr'><strong>‹inri&#39;rnr&#39;rroprirov</strong></span> <span class='ocrx_word' id='word_1_308' title='bbox 1113 2938 1201 3006; x_wconf 84' lang='grc' dir='ltr'><strong><em>λαχεῖν</em></strong></span> <span class='ocrx_word' id='word_1_309' title='bbox 1219 2937 1298 2992; x_wconf 80' lang='grc' dir='ltr'><strong><em>αὐτὸν</em></strong></span> <span class='ocrx_word' id='word_1_310' title='bbox 1316 2939 1355 2999; x_wconf 85' lang='grc' dir='ltr'><strong>είς</strong></span> <span class='ocrx_word' id='word_1_311' title='bbox 1373 2937 1473 3007; x_wconf 78' lang='grc' dir='ltr'><strong><em>Σαρδὼ</em></strong></span> <span class='ocrx_word' id='word_1_312' title='bbox 1494 2939 1586 3005; x_wconf 80' lang='grc' dir='ltr'><strong><em>ταμίαν</em></strong></span> <span class='ocrx_word' id='word_1_313' title='bbox 1601 2937 1708 3005; x_wconf 82' lang='grc' dir='ltr'><strong><em>Ὀρέστῃ</em></strong></span> <span class='ocrx_word' id='word_1_314' title='bbox 1720 2945 1756 3005; x_wconf 80' lang='grc' dir='ltr'><strong><em>τῷ</em></strong></span> <span class='ocrx_word' id='word_1_315' title='bbox 1776 2937 1873 3006; x_wconf 67' lang='grc' dir='ltr'><strong><em>ὑπάταν</em></strong></span> 
     </span>
    </p>
   </div>
   <div class='ocr_carea' id='block_1_9' title="bbox 207 3048 2077 3416">
    <p class='ocr_par' dir='ltr' id='par_1_9' title="bbox 207 3048 2077 3416">
     <span class='ocr_line' id='line_1_28' title="bbox 207 3048 2074 3131; baseline 0.003 -22"><span class='ocrx_word' id='word_1_316' title='bbox 207 3048 281 3109; x_wconf 77' lang='lat' dir='ltr'><strong>ibid.</strong></span> <span class='ocrx_word' id='word_1_317' title='bbox 307 3049 448 3126; x_wconf 79' lang='lat' dir='ltr'><strong>2‚2sqq:</strong></span> <span class='ocrx_word' id='word_1_318' title='bbox 471 3061 583 3114; x_wconf 80' lang='grc' dir='ltr'><strong><em>Ἔπειτα</em></strong></span> <span class='ocrx_word' id='word_1_319' title='bbox 597 3062 682 3128; x_wconf 72' lang='grc' dir='ltr'><strong><em>δόγμα</em></strong></span> <span class='ocrx_word' id='word_1_320' title='bbox 695 3068 829 3114; x_wconf 79' lang='grc' dir='ltr'><strong><em>ποιοῦνται</em></strong></span> <span class='ocrx_word' id='word_1_321' title='bbox 841 3101 919 3115; x_wconf 86' lang='grc'><strong>.....</strong></span> <span class='ocrx_word' id='word_1_322' title='bbox 935 3061 979 3113; x_wconf 82' lang='grc' dir='ltr'><strong><em>τὸν</em></strong></span> <span class='ocrx_word' id='word_1_323' title='bbox 992 3061 1022 3114; x_wconf 79' lang='grc' dir='ltr'><strong>δὲ</strong></span> <span class='ocrx_word' id='word_1_324' title='bbox 1033 3062 1159 3130; x_wconf 73' lang='grc' dir='ltr'><strong><em>Ὀρέστην</em></strong></span> <span class='ocrx_word' id='word_1_325' title='bbox 1173 3063 1309 3129; x_wconf 80' lang='grc' dir='ltr'><strong><em>ἐπιμένειν,</em></strong></span> <span class='ocrx_word' id='word_1_326' title='bbox 1329 3063 1366 3122; x_wconf 84' lang='grc' dir='ltr'><strong>ὡς</strong></span> <span class='ocrx_word' id='word_1_327' title='bbox 1381 3063 1414 3131; x_wconf 74' lang='grc' dir='ltr'><strong>δὴ</strong></span> <span class='ocrx_word' id='word_1_328' title='bbox 1429 3063 1474 3116; x_wconf 83' lang='grc' dir='ltr'><strong><em>καί</em></strong></span> <span class='ocrx_word' id='word_1_329' title='bbox 1488 3071 1532 3115; x_wconf 84' lang='grc' dir='ltr'><strong><em>τοῦ</em></strong></span> <span class='ocrx_word' id='word_1_330' title='bbox 1543 3064 1569 3116; x_wconf 91' lang='grc' dir='ltr'><em>Γ</em></span> <span class='ocrx_word' id='word_1_331' title='bbox 1564 3063 1624 3115; x_wconf 73' lang='lat' dir='ltr'><strong>aion</strong></span> <span class='ocrx_word' id='word_1_332' title='bbox 1639 3061 1682 3115; x_wconf 80' lang='grc' dir='ltr'><strong>διὰ</strong></span> <span class='ocrx_word' id='word_1_333' title='bbox 1697 3062 1743 3131; x_wconf 83' lang='grc' dir='ltr'><strong><em>τὴν</em></strong></span> <span class='ocrx_word' id='word_1_334' title='bbox 1755 3063 1840 3130; x_wconf 82' lang='grc' dir='ltr'><strong><em>ἀρχὴν</em></strong></span> <span class='ocrx_word' id='word_1_335' title='bbox 1854 3069 2074 3130; x_wconf 79' lang='grc' dir='ltr'><strong><em>παραμενοῦντος.</em></strong></span> 
     </span>
     <span class='ocr_line' id='line_1_29' title="bbox 416 3131 2077 3202; baseline 0.001 -17"><span class='ocrx_word' id='word_1_336' title='bbox 416 3133 447 3186; x_wconf 92' lang='grc' dir='ltr'><em>Ὁ</em></span> <span class='ocrx_word' id='word_1_337' title='bbox 469 3131 506 3195; x_wconf 81' lang='grc' dir='ltr'><strong>δὲ,</strong></span> <span class='ocrx_word' id='word_1_338' title='bbox 531 3132 630 3184; x_wconf 86' lang='grc' dir='ltr'><strong><em>τούτων</em></strong></span> <span class='ocrx_word' id='word_1_339' title='bbox 653 3131 725 3200; x_wconf 80' lang='grc' dir='ltr'><strong><em>αὐτῷ</em></strong></span> <span class='ocrx_word' id='word_1_340' title='bbox 743 3134 953 3198; x_wconf 62' lang='grc' dir='ltr'><em>προσπεσόντων,</em></span> <span class='ocrx_word' id='word_1_341' title='bbox 976 3132 1057 3190; x_wconf 73' lang='grc' dir='ltr'><strong><em>εὐθὺς</em></strong></span> <span class='ocrx_word' id='word_1_342' title='bbox 1076 3133 1212 3195; x_wconf 69' lang='grc' dir='ltr'><strong><em>ἕξάτλεοσε</em></strong></span> <span class='ocrx_word' id='word_1_343' title='bbox 1229 3134 1295 3201; x_wconf 79' lang='grc' dir='ltr'><strong><em>πρὸς</em></strong></span> <span class='ocrx_word' id='word_1_344' title='bbox 1314 3134 1394 3202; x_wconf 75' lang='grc' dir='ltr'><strong><em>ὀργὴν</em></strong></span> <span class='ocrx_word' id='word_1_345' title='bbox 1413 3135 1458 3186; x_wconf 81' lang='grc' dir='ltr'><strong><em>καί</em></strong></span> <span class='ocrx_word' id='word_1_346' title='bbox 1477 3134 1567 3201; x_wconf 66' lang='grc' dir='ltr'><strong><em>φανείς</em></strong></span> <span class='ocrx_word' id='word_1_347' title='bbox 1586 3134 1614 3186; x_wconf 81' lang='grc' dir='ltr'><strong>ἐν</strong></span> <span class='ocrx_word' id='word_1_348' title='bbox 1629 3134 1719 3201; x_wconf 78' lang='grc' dir='ltr'><strong><em>Ῥώμῃ</em></strong></span> <span class='ocrx_word' id='word_1_349' title='bbox 1739 3135 1798 3200; x_wconf 82' lang='grc' dir='ltr'><strong><em>παρ’</em></strong></span> <span class='ocrx_word' id='word_1_350' title='bbox 1820 3134 1924 3194; x_wconf 76' lang='grc' dir='ltr'><strong><em>ἕλτίόας</em></strong></span> <span class='ocrx_word' id='word_1_351' title='bbox 1943 3133 1975 3186; x_wconf 80' lang='grc' dir='ltr'><strong>οὐ</strong></span> <span class='ocrx_word' id='word_1_352' title='bbox 1993 3134 2077 3200; x_wconf 89' lang='grc' dir='ltr'><strong><em>μόνον</em></strong></span> 
     </span>
     <span class='ocr_line' id='line_1_30' title="bbox 420 3202 2076 3274; baseline 0.001 -18"><span class='ocrx_word' id='word_1_353' title='bbox 420 3203 471 3257; x_wconf 81' lang='grc' dir='ltr'><strong>ὑπὸ</strong></span> <span class='ocrx_word' id='word_1_354' title='bbox 498 3211 550 3256; x_wconf 86' lang='grc' dir='ltr'><strong><em>τῶν</em></strong></span> <span class='ocrx_word' id='word_1_355' title='bbox 574 3203 682 3271; x_wconf 71' lang='grc' dir='ltr'><strong><em>ἐχθρῶν</em></strong></span> <span class='ocrx_word' id='word_1_356' title='bbox 707 3204 790 3256; x_wconf 87' lang='grc' dir='ltr'><strong><em>αίτίιιν</em></strong></span> <span class='ocrx_word' id='word_1_357' title='bbox 815 3202 891 3271; x_wconf 80' lang='grc' dir='ltr'><strong><em>εἶχεν,</em></strong></span> <span class='ocrx_word' id='word_1_358' title='bbox 917 3202 981 3255; x_wconf 85' lang='grc' dir='ltr'><strong><em>ἀλλὰ</em></strong></span> <span class='ocrx_word' id='word_1_359' title='bbox 1007 3203 1052 3256; x_wconf 83' lang='grc' dir='ltr'><strong><em>καὶ</em></strong></span> <span class='ocrx_word' id='word_1_360' title='bbox 1079 3212 1129 3263; x_wconf 87' lang='grc' dir='ltr'><strong><em>τοῖς</em></strong></span> <span class='ocrx_word' id='word_1_361' title='bbox 1154 3205 1258 3263; x_wconf 76' lang='grc' dir='ltr'><strong><em>πολλοῖς</em></strong></span> <span class='ocrx_word' id='word_1_362' title='bbox 1284 3205 1426 3257; x_wconf 87' lang='grc' dir='ltr'><strong><em>ἀλλόκοτον</em></strong></span> <span class='ocrx_word' id='word_1_363' title='bbox 1451 3205 1536 3258; x_wconf 82' lang='grc' dir='ltr'><strong><em>ἐδόκει</em></strong></span> <span class='ocrx_word' id='word_1_364' title='bbox 1563 3205 1590 3257; x_wconf 86' lang='grc' dir='ltr'><strong><em>τὸ</em></strong></span> <span class='ocrx_word' id='word_1_365' title='bbox 1615 3207 1707 3271; x_wconf 84' lang='grc' dir='ltr'><strong><em>ταμίαν</em></strong></span> <span class='ocrx_word' id='word_1_366' title='bbox 1730 3207 1790 3257; x_wconf 82' lang='grc' dir='ltr'><strong><em>ὄντα</em></strong></span> <span class='ocrx_word' id='word_1_367' title='bbox 1813 3213 2009 3274; x_wconf 78' lang='grc' dir='ltr'><strong><em>προαποστῆναι</em></strong></span> <span class='ocrx_word' id='word_1_368' title='bbox 2029 3211 2076 3258; x_wconf 85' lang='grc' dir='ltr'><strong><em>τοῦ</em></strong></span> 
     </span>
     <span class='ocr_line' id='line_1_31' title="bbox 419 3274 2077 3345; baseline 0.001 -18"><span class='ocrx_word' id='word_1_369' title='bbox 419 3275 552 3342; x_wconf 81' lang='grc' dir='ltr'><strong><em>ἄρχοντος.</em></strong></span> <span class='ocrx_word' id='word_1_370' title='bbox 579 3307 612 3314; x_wconf 97' lang='grc'>-</span> <span class='ocrx_word' id='word_1_371' title='bbox 638 3275 723 3345; x_wconf 81' lang='lat' dir='ltr'><strong>(Tum</strong></span> <span class='ocrx_word' id='word_1_372' title='bbox 749 3274 910 3344; x_wconf 82' lang='lat' dir='ltr'><strong>accusatus)</strong></span> <span class='ocrx_word' id='word_1_373' title='bbox 937 3275 1122 3341; x_wconf 76' lang='grc' dir='ltr'><strong><em>ἐστρατεῦσθαι</em></strong></span> <span class='ocrx_word' id='word_1_374' title='bbox 1147 3275 1196 3342; x_wconf 72' lang='grc' dir='ltr'><strong>μὲν</strong></span> <span class='ocrx_word' id='word_1_375' title='bbox 1219 3277 1268 3344; x_wconf 75' lang='grc' dir='ltr'><strong>γὰρ</strong></span> <span class='ocrx_word' id='word_1_376' title='bbox 1295 3278 1346 3344; x_wconf 76' lang='grc' dir='ltr'><strong>ἔφη</strong></span> <span class='ocrx_word' id='word_1_377' title='bbox 1373 3277 1480 3329; x_wconf 78' lang='grc' dir='ltr'><strong><em>δώδεκα</em></strong></span> <span class='ocrx_word' id='word_1_378' title='bbox 1505 3277 1557 3344; x_wconf 83' lang='grc' dir='ltr'><strong><em>ἔτη,</em></strong></span> <span class='ocrx_word' id='word_1_379' title='bbox 1584 3284 1637 3328; x_wconf 85' lang='grc' dir='ltr'><strong><em>τῶν</em></strong></span> <span class='ocrx_word' id='word_1_380' title='bbox 1661 3277 1748 3328; x_wconf 85' lang='grc' dir='ltr'><strong><em>ἄλλων</em></strong></span> <span class='ocrx_word' id='word_1_381' title='bbox 1771 3276 1836 3330; x_wconf 78' lang='grc' dir='ltr'><strong><em>δέκα</em></strong></span> <span class='ocrx_word' id='word_1_382' title='bbox 1862 3277 2077 3343; x_wconf 76' lang='grc' dir='ltr'><strong><em>στρατευομένων</em></strong></span> 
     </span>
     <span class='ocr_line' id='line_1_32' title="bbox 419 3345 2075 3416; baseline 0.001 -18"><span class='ocrx_word' id='word_1_383' title='bbox 419 3345 449 3408; x_wconf 76' lang='grc' dir='ltr'><strong>ἕξ</strong></span> <span class='ocrx_word' id='word_1_384' title='bbox 466 3345 591 3413; x_wconf 80' lang='grc' dir='ltr'><strong>ἀνάγκης,</strong></span> <span class='ocrx_word' id='word_1_385' title='bbox 610 3346 742 3413; x_wconf 86' lang='grc' dir='ltr'><strong><em>ταμιεύων</em></strong></span> <span class='ocrx_word' id='word_1_386' title='bbox 760 3345 789 3398; x_wconf 81' lang='grc' dir='ltr'><strong>δὲ</strong></span> <span class='ocrx_word' id='word_1_387' title='bbox 808 3355 844 3412; x_wconf 78' lang='grc' dir='ltr'><strong><em>τῷ</em></strong></span> <span class='ocrx_word' id='word_1_388' title='bbox 864 3355 999 3413; x_wconf 80' lang='grc' dir='ltr'><strong><em>στρατηγῷ</em></strong></span> <span class='ocrx_word' id='word_1_389' title='bbox 1014 3347 1260 3414; x_wconf 76' lang='grc' dir='ltr'><strong><em>παραμεμενηκέναι</em></strong></span> <span class='ocrx_word' id='word_1_390' title='bbox 1280 3350 1397 3416; x_wconf 87' lang='grc' dir='ltr'><strong><em>τριετίαν,</em></strong></span> <span class='ocrx_word' id='word_1_391' title='bbox 1417 3355 1462 3400; x_wconf 88' lang='grc' dir='ltr'><strong><em>τοῦ</em></strong></span> <span class='ocrx_word' id='word_1_392' title='bbox 1480 3349 1562 3415; x_wconf 77' lang='grc' dir='ltr'><strong><em>νόμον</em></strong></span> <span class='ocrx_word' id='word_1_393' title='bbox 1580 3349 1637 3414; x_wconf 80' lang='grc' dir='ltr'><strong><em>μετ’</em></strong></span> <span class='ocrx_word' id='word_1_394' title='bbox 1651 3348 1767 3400; x_wconf 77' lang='grc' dir='ltr'><strong><em>ἐνιαυτὸν</em></strong></span> <span class='ocrx_word' id='word_1_395' title='bbox 1785 3348 1935 3401; x_wconf 77' lang='grc' dir='ltr'><strong><em>ἐπανελθεῖν</em></strong></span> <span class='ocrx_word' id='word_1_396' title='bbox 1948 3349 2075 3406; x_wconf 75' lang='grc' dir='ltr'><strong><em>διδόντος.</em></strong></span> 
     </span>
    </p>
   </div>
   <div class='ocr_carea' id='block_1_10' title="bbox 206 3474 713 3553">
    <p class='ocr_par' dir='ltr' id='par_1_10' title="bbox 206 3474 713 3553">
     <span class='ocr_line' id='line_1_33' title="bbox 206 3474 713 3553; baseline -0.006 -14"><span class='ocrx_word' id='word_1_397' title='bbox 206 3474 254 3539; x_wconf 87' lang='lat' dir='ltr'><strong>Ci.</strong></span> <span class='ocrx_word' id='word_1_398' title='bbox 279 3475 356 3536; x_wconf 91' lang='lat' dir='ltr'><strong>Plut.</strong></span> <span class='ocrx_word' id='word_1_399' title='bbox 403 3474 533 3537; x_wconf 89' lang='lat' dir='ltr'><strong>Gracch.</strong></span> <span class='ocrx_word' id='word_1_400' title='bbox 557 3493 659 3553; x_wconf 87' lang='lat' dir='ltr'><strong>comp.</strong></span> <span class='ocrx_word' id='word_1_401' title='bbox 684 3477 713 3537; x_wconf 89' lang='lat'><strong>3.</strong></span> 
     </span>
    </p>
   </div>
   <div class='ocr_carea' id='block_1_11' title="bbox 206 3617 2077 3773">
    <p class='ocr_par' dir='ltr' id='par_1_11' title="bbox 206 3617 2077 3773">
     <span class='ocr_line' id='line_1_34' title="bbox 206 3617 2077 3759; baseline 0.004 -80"><span class='ocrx_word' id='word_1_402' title='bbox 206 3617 290 3696; x_wconf 79' lang='lat' dir='ltr'><strong>[Aur.</strong></span> <span class='ocrx_word' id='word_1_403' title='bbox 307 3617 393 3698; x_wconf 79' lang='lat' dir='ltr'><strong>vict]</strong></span> <span class='ocrx_word' id='word_1_404' title='bbox 415 3617 454 3679; x_wconf 89' lang='lat' dir='ltr'><strong>de</strong></span> <span class='ocrx_word' id='word_1_405' title='bbox 472 3618 525 3680; x_wconf 87' lang='lat' dir='ltr'><strong>vir.</strong></span> <span class='ocrx_word' id='word_1_406' title='bbox 548 3619 587 3758; x_wconf 59' lang='grc'><strong>111.</strong></span> <span class='ocrx_word' id='word_1_407' title='bbox 612 3619 663 3758; x_wconf 56' lang='lat'><strong>(2¹5,</strong></span> <span class='ocrx_word' id='word_1_408' title='bbox 675 3634 703 3686; x_wconf 91' lang='lat' dir='ltr'><strong>l:</strong></span> <span class='ocrx_word' id='word_1_409' title='bbox 721 3630 826 3759; x_wconf 59' lang='grc' dir='ltr'><strong>Ιἑὶαίαε</strong></span> <span class='ocrx_word' id='word_1_410' title='bbox 845 3630 992 3687; x_wconf 88' lang='lat' dir='ltr'><strong>Gracchus</strong></span> <span class='ocrx_word' id='word_1_411' title='bbox 1011 3633 1190 3703; x_wconf 88' lang='lat' dir='ltr'><strong>pestilentem</strong></span> <span class='ocrx_word' id='word_1_412' title='bbox 1210 3631 1369 3689; x_wconf 87' lang='lat' dir='ltr'><strong>Sardiniam</strong></span> <span class='ocrx_word' id='word_1_413' title='bbox 1389 3636 1525 3703; x_wconf 89' lang='lat' dir='ltr'><strong>quaestor</strong></span> <span class='ocrx_word' id='word_1_414' title='bbox 1544 3632 1659 3687; x_wconf 89' lang='lat' dir='ltr'><strong>sortitus</strong></span> <span class='ocrx_word' id='word_1_415' title='bbox 1679 3648 1737 3687; x_wconf 91' lang='lat' dir='ltr'><strong>non</strong></span> <span class='ocrx_word' id='word_1_416' title='bbox 1756 3632 1888 3688; x_wconf 88' lang='lat' dir='ltr'><strong>veniente</strong></span> <span class='ocrx_word' id='word_1_417' title='bbox 1908 3645 2077 3687; x_wconf 88' lang='lat' dir='ltr'><strong>successore</strong></span> 
     </span>
     <span class='ocr_line' id='line_1_35' title="bbox 421 3718 727 3773; baseline 0 -15"><span class='ocrx_word' id='word_1_418' title='bbox 421 3718 473 3758; x_wconf 87' lang='lat' dir='ltr'><strong>sua</strong></span> <span class='ocrx_word' id='word_1_419' title='bbox 493 3719 597 3773; x_wconf 88' lang='lat' dir='ltr'><strong>spone</strong></span> <span class='ocrx_word' id='word_1_420' title='bbox 637 3719 727 3759; x_wconf 87' lang='lat' dir='ltr'><strong>ecessr</strong></span> 
     </span>
    </p>
   </div>
   <div class='ocr_carea' id='block_1_12' title="bbox 205 3832 2078 4714">
    <p class='ocr_par' dir='ltr' id='par_1_12' title="bbox 205 3832 2078 4714">
     <span class='ocr_line' id='line_1_36' title="bbox 367 3832 2078 3912; baseline -0.001 -17"><span class='ocrx_word' id='word_1_421' title='bbox 367 3833 403 3895; x_wconf 83' lang='lat' dir='ltr'><strong>C</strong></span> <span class='ocrx_word' id='word_1_422' title='bbox 430 3832 590 3895; x_wconf 92' lang='lat' dir='ltr'><strong>Gracchus</strong></span> <span class='ocrx_word' id='word_1_423' title='bbox 623 3833 680 3894; x_wconf 89' lang='lat' dir='ltr'><strong>luit</strong></span> <span class='ocrx_word' id='word_1_424' title='bbox 712 3834 749 3908; x_wconf 93' lang='lat' dir='ltr'><strong>is,</strong></span> <span class='ocrx_word' id='word_1_425' title='bbox 782 3833 836 3909; x_wconf 91' lang='lat' dir='ltr'><strong>qui</strong></span> <span class='ocrx_word' id='word_1_426' title='bbox 868 3832 1018 3895; x_wconf 90' lang='lat' dir='ltr'><strong>turnultus</strong></span> <span class='ocrx_word' id='word_1_427' title='bbox 1048 3833 1236 3895; x_wconf 92' lang='lat' dir='ltr'><strong>domesticos</strong></span> <span class='ocrx_word' id='word_1_428' title='bbox 1266 3834 1364 3912; x_wconf 92' lang='lat' dir='ltr'><strong>plebis</strong></span> <span class='ocrx_word' id='word_1_429' title='bbox 1394 3834 1532 3895; x_wconf 88' lang='lat' dir='ltr'><strong>excitavit</strong></span> <span class='ocrx_word' id='word_1_430' title='bbox 1561 3838 1590 3895; x_wconf 92' lang='lat' dir='ltr'><strong>et</strong></span> <span class='ocrx_word' id='word_1_431' title='bbox 1615 3851 1633 3894; x_wconf 98' lang='lat' dir='ltr'><strong>a</strong></span> <span class='ocrx_word' id='word_1_432' title='bbox 1658 3834 1687 3894; x_wconf 82' lang='lat' dir='ltr'><strong>l.</strong></span> <span class='ocrx_word' id='word_1_433' title='bbox 1714 3833 1845 3910; x_wconf 90' lang='lat' dir='ltr'><strong>Opimio</strong></span> <span class='ocrx_word' id='word_1_434' title='bbox 1877 3834 2078 3910; x_wconf 89' lang='lat' dir='ltr'><strong>interemptus</strong></span> 
     </span>
     <span class='ocr_line' id='line_1_37' title="bbox 205 3921 2078 4002; baseline -0.001 -18"><span class='ocrx_word' id='word_1_435' title='bbox 205 3926 257 3984; x_wconf 88' lang='lat' dir='ltr'><strong>est</strong></span> <span class='ocrx_word' id='word_1_436' title='bbox 296 3921 384 3983; x_wconf 83' lang='lat' dir='ltr'><strong>Exitu</strong></span> <span class='ocrx_word' id='word_1_437' title='bbox 407 3939 432 3983; x_wconf 94' lang='lat' dir='ltr'><strong>a.</strong></span> <span class='ocrx_word' id='word_1_438' title='bbox 458 3922 522 3984; x_wconf 90' lang='grc'><strong>600</strong></span> <span class='ocrx_word' id='word_1_439' title='bbox 537 3950 577 3974; x_wconf 92' lang='lat'>=</span> <span class='ocrx_word' id='word_1_440' title='bbox 596 3924 656 3984; x_wconf 83' lang='lat'><strong>154</strong></span> <span class='ocrx_word' id='word_1_441' title='bbox 680 3922 727 3984; x_wconf 89' lang='lat' dir='ltr'><strong>vel</strong></span> <span class='ocrx_word' id='word_1_442' title='bbox 752 3922 838 3983; x_wconf 89' lang='lat' dir='ltr'><strong>initio</strong></span> <span class='ocrx_word' id='word_1_443' title='bbox 858 3922 1072 3999; x_wconf 91' lang='lat' dir='ltr'><strong>subsequentis</strong></span> <span class='ocrx_word' id='word_1_444' title='bbox 1089 3928 1176 3984; x_wconf 93' lang='lat' dir='ltr'><strong>natus</strong></span> <span class='ocrx_word' id='word_1_445' title='bbox 1184 3922 1210 4002; x_wconf 80' lang='lat'><strong>³)</strong></span> <span class='ocrx_word' id='word_1_446' title='bbox 1227 3941 1253 3988; x_wconf 88' lang='lat' dir='ltr'><strong>a.</strong></span> <span class='ocrx_word' id='word_1_447' title='bbox 1271 3924 1334 3985; x_wconf 92' lang='grc'><strong>617</strong></span> <span class='ocrx_word' id='word_1_448' title='bbox 1350 3953 1390 3973; x_wconf 97' lang='lat'>=</span> <span class='ocrx_word' id='word_1_449' title='bbox 1409 3924 1468 3985; x_wconf 82' lang='lat'><strong>137</strong></span> <span class='ocrx_word' id='word_1_450' title='bbox 1488 3923 1527 3984; x_wconf 93' lang='lat' dir='ltr'><strong>ad</strong></span> <span class='ocrx_word' id='word_1_451' title='bbox 1544 3923 1742 3984; x_wconf 87' lang='lat' dir='ltr'><strong>Numantiam</strong></span> <span class='ocrx_word' id='word_1_452' title='bbox 1761 3923 1790 3983; x_wconf 89' lang='lat' dir='ltr'><strong>in</strong></span> <span class='ocrx_word' id='word_1_453' title='bbox 1807 3923 1910 3983; x_wconf 89' lang='lat' dir='ltr'><strong>castris</strong></span> <span class='ocrx_word' id='word_1_454' title='bbox 1927 3921 2078 3986; x_wconf 85' lang='lat' dir='ltr'><strong>Romanis</strong></span> 
     </span>
     <span class='ocr_line' id='line_1_38' title="bbox 205 4010 2077 4090; baseline 0 -18"><span class='ocrx_word' id='word_1_455' title='bbox 205 4010 357 4089; x_wconf 89' lang='lat' dir='ltr'><strong>stipendia</strong></span> <span class='ocrx_word' id='word_1_456' title='bbox 381 4012 498 4072; x_wconf 88' lang='lat' dir='ltr'><strong>meruit.</strong></span> <span class='ocrx_word' id='word_1_457' title='bbox 546 4010 580 4072; x_wconf 89' lang='grc' dir='ltr'><strong>Α.</strong></span> <span class='ocrx_word' id='word_1_458' title='bbox 605 4012 664 4074; x_wconf 92' lang='grc'><strong>621</strong></span> <span class='ocrx_word' id='word_1_459' title='bbox 684 4013 803 4073; x_wconf 83' lang='lat'>:133</span> <span class='ocrx_word' id='word_1_460' title='bbox 829 4011 896 4089; x_wconf 91' lang='lat' dir='ltr'><strong>lege</strong></span> <span class='ocrx_word' id='word_1_461' title='bbox 920 4011 1103 4089; x_wconf 90' lang='lat' dir='ltr'><strong>Sempronia</strong></span> <span class='ocrx_word' id='word_1_462' title='bbox 1128 4013 1184 4073; x_wconf 90' lang='lat' dir='ltr'><strong>lata</strong></span> <span class='ocrx_word' id='word_1_463' title='bbox 1208 4013 1244 4074; x_wconf 90' lang='grc'><strong>111</strong></span> <span class='ocrx_word' id='word_1_464' title='bbox 1259 4014 1303 4073; x_wconf 87' lang='lat' dir='ltr'><strong>vir</strong></span> <span class='ocrx_word' id='word_1_465' title='bbox 1324 4014 1406 4090; x_wconf 90' lang='lat' dir='ltr'><strong>agris</strong></span> <span class='ocrx_word' id='word_1_466' title='bbox 1430 4012 1540 4074; x_wconf 90' lang='lat' dir='ltr'><strong>dandis</strong></span> <span class='ocrx_word' id='word_1_467' title='bbox 1566 4011 1760 4089; x_wconf 88' lang='lat' dir='ltr'><strong>assignandis</strong></span> <span class='ocrx_word' id='word_1_468' title='bbox 1788 4011 1884 4072; x_wconf 87' lang='lat' dir='ltr'><strong>lactus</strong></span> <span class='ocrx_word' id='word_1_469' title='bbox 1913 4028 1966 4087; x_wconf 92' lang='lat' dir='ltr'><strong>per</strong></span> <span class='ocrx_word' id='word_1_470' title='bbox 1996 4011 2077 4072; x_wconf 88' lang='lat' dir='ltr'><strong>inse·</strong></span> 
     </span>
     <span class='ocr_line' id='line_1_39' title="bbox 205 4098 2078 4178; baseline -0.001 -16"><span class='ocrx_word' id='word_1_471' title='bbox 205 4105 334 4177; x_wconf 89' lang='lat' dir='ltr'><strong>quentes</strong></span> <span class='ocrx_word' id='word_1_472' title='bbox 357 4117 487 4178; x_wconf 91' lang='lat' dir='ltr'><strong>quoque</strong></span> <span class='ocrx_word' id='word_1_473' title='bbox 508 4118 609 4162; x_wconf 91' lang='lat' dir='ltr'><strong>annos</strong></span> <span class='ocrx_word' id='word_1_474' title='bbox 638 4119 764 4162; x_wconf 92' lang='lat' dir='ltr'><strong>munere</strong></span> <span class='ocrx_word' id='word_1_475' title='bbox 792 4101 971 4162; x_wconf 90' lang='lat' dir='ltr'><strong>continuato</strong></span> <span class='ocrx_word' id='word_1_476' title='bbox 1000 4101 1124 4162; x_wconf 84' lang='lat' dir='ltr'><strong>iunctus</strong></span> <span class='ocrx_word' id='word_1_477' title='bbox 1151 4105 1202 4163; x_wconf 87' lang='lat' dir='ltr'><strong>est</strong></span> <span class='ocrx_word' id='word_1_478' title='bbox 1248 4101 1284 4162; x_wconf 89' lang='grc' dir='ltr'><strong>Α.</strong></span> <span class='ocrx_word' id='word_1_479' title='bbox 1310 4102 1428 4163; x_wconf 79' lang='lat'>627:</span> <span class='ocrx_word' id='word_1_480' title='bbox 1448 4103 1506 4163; x_wconf 87' lang='grc'><strong>127</strong></span> <span class='ocrx_word' id='word_1_481' title='bbox 1537 4100 1703 4162; x_wconf 93' lang='lat' dir='ltr'><strong>duodecim</strong></span> <span class='ocrx_word' id='word_1_482' title='bbox 1739 4099 1900 4178; x_wconf 89' lang='lat' dir='ltr'><strong>stipendiis</strong></span> <span class='ocrx_word' id='word_1_483' title='bbox 1927 4098 2078 4161; x_wconf 84' lang='lat' dir='ltr'><strong>contectis</strong></span> 
     </span>
     <span class='ocr_line' id='line_1_40' title="bbox 205 4187 2076 4268; baseline 0 -18"><span class='ocrx_word' id='word_1_484' title='bbox 205 4196 349 4266; x_wconf 89' lang='lat' dir='ltr'><strong>quaestor</strong></span> <span class='ocrx_word' id='word_1_485' title='bbox 372 4197 489 4251; x_wconf 90' lang='lat' dir='ltr'><strong>creatus</strong></span> <span class='ocrx_word' id='word_1_486' title='bbox 512 4191 595 4251; x_wconf 91' lang='lat' dir='ltr'><strong>Non.</strong></span> <span class='ocrx_word' id='word_1_487' title='bbox 619 4190 692 4252; x_wconf 87' lang='lat' dir='ltr'><strong>Dec.</strong></span> <span class='ocrx_word' id='word_1_488' title='bbox 717 4191 924 4268; x_wconf 87' lang='lat' dir='ltr'><strong>magistratum</strong></span> <span class='ocrx_word' id='word_1_489' title='bbox 955 4191 1027 4251; x_wconf 90' lang='lat' dir='ltr'><strong>iniit</strong></span> <span class='ocrx_word' id='word_1_490' title='bbox 1061 4191 1090 4251; x_wconf 82' lang='lat' dir='ltr'><strong>l.</strong></span> <span class='ocrx_word' id='word_1_491' title='bbox 1111 4191 1233 4253; x_wconf 91' lang='lat' dir='ltr'><strong>Caelius</strong></span> <span class='ocrx_word' id='word_1_492' title='bbox 1258 4190 1413 4267; x_wconf 78' lang='lat' dir='ltr'><strong>Antipater</strong></span> <span class='ocrx_word' id='word_1_493' title='bbox 1439 4209 1487 4268; x_wconf 90' lang='lat' dir='ltr'><strong>ap.</strong></span> <span class='ocrx_word' id='word_1_494' title='bbox 1512 4191 1576 4252; x_wconf 92' lang='lat' dir='ltr'><strong>Cic.</strong></span> <span class='ocrx_word' id='word_1_495' title='bbox 1600 4189 1639 4251; x_wconf 93' lang='lat' dir='ltr'><strong>de</strong></span> <span class='ocrx_word' id='word_1_496' title='bbox 1662 4189 1722 4251; x_wconf 90' lang='lat' dir='ltr'><strong>div.</strong></span> <span class='ocrx_word' id='word_1_497' title='bbox 1748 4191 1757 4251; x_wconf 93' lang='lat' dir='ltr'><strong>t</strong></span> <span class='ocrx_word' id='word_1_498' title='bbox 1778 4189 1830 4263; x_wconf 91' lang='grc'><strong>26,</strong></span> <span class='ocrx_word' id='word_1_499' title='bbox 1842 4202 1877 4256; x_wconf 83' lang='grc'><strong>56</strong></span> <span class='ocrx_word' id='word_1_500' title='bbox 1896 4187 2076 4250; x_wconf 89' lang='lat' dir='ltr'><strong>Gracchum</strong></span> 
     </span>
     <span class='ocr_line' id='line_1_41' title="bbox 207 4277 2075 4357; baseline 0.001 -19"><span class='ocrx_word' id='word_1_501' title='bbox 207 4280 393 4356; x_wconf 91' lang='lat' dir='ltr'><strong>primorem</strong></span> <span class='ocrx_word' id='word_1_502' title='bbox 420 4277 576 4356; x_wconf 89' lang='lat' dir='ltr'><strong>publicam</strong></span> <span class='ocrx_word' id='word_1_503' title='bbox 600 4297 756 4357; x_wconf 89' lang='lat' dir='ltr'><strong>capessere</strong></span> <span class='ocrx_word' id='word_1_504' title='bbox 779 4281 917 4353; x_wconf 89' lang='lat' dir='ltr'><strong>veritum,</strong></span> <span class='ocrx_word' id='word_1_505' title='bbox 942 4279 1054 4340; x_wconf 91' lang='lat' dir='ltr'><strong>deinde</strong></span> <span class='ocrx_word' id='word_1_506' title='bbox 1078 4284 1109 4341; x_wconf 91' lang='lat' dir='ltr'><strong>ut</strong></span> <span class='ocrx_word' id='word_1_507' title='bbox 1134 4281 1268 4357; x_wconf 91' lang='lat' dir='ltr'><strong>primum</strong></span> <span class='ocrx_word' id='word_1_508' title='bbox 1294 4280 1450 4340; x_wconf 91' lang='lat' dir='ltr'><strong>honorum</strong></span> <span class='ocrx_word' id='word_1_509' title='bbox 1480 4279 1611 4356; x_wconf 87' lang='lat' dir='ltr'><strong>gradum</strong></span> <span class='ocrx_word' id='word_1_510' title='bbox 1640 4277 1828 4352; x_wconf 91' lang='lat' dir='ltr'><strong>ascenderet,</strong></span> <span class='ocrx_word' id='word_1_511' title='bbox 1856 4277 2075 4339; x_wconf 88' lang='lat' dir='ltr'><strong>tantummodo</strong></span> 
     </span>
     <span class='ocr_line' id='line_1_42' title="bbox 205 4367 2075 4447; baseline 0.001 -20"><span class='ocrx_word' id='word_1_512' title='bbox 205 4369 330 4429; x_wconf 91' lang='lat' dir='ltr'><strong>somnio</strong></span> <span class='ocrx_word' id='word_1_513' title='bbox 353 4367 522 4430; x_wconf 88' lang='lat' dir='ltr'><strong>adductum</strong></span> <span class='ocrx_word' id='word_1_514' title='bbox 546 4386 613 4429; x_wconf 87' lang='lat' dir='ltr'><strong>esse</strong></span> <span class='ocrx_word' id='word_1_515' title='bbox 637 4369 803 4429; x_wconf 90' lang='lat' dir='ltr'><strong>memoriae</strong></span> <span class='ocrx_word' id='word_1_516' title='bbox 825 4368 959 4443; x_wconf 90' lang='lat' dir='ltr'><strong>tradidit;</strong></span> <span class='ocrx_word' id='word_1_517' title='bbox 983 4368 1070 4445; x_wconf 93' lang='lat' dir='ltr'><strong>quod</strong></span> <span class='ocrx_word' id='word_1_518' title='bbox 1095 4386 1187 4445; x_wconf 91' lang='lat' dir='ltr'><strong>quarn</strong></span> <span class='ocrx_word' id='word_1_519' title='bbox 1213 4387 1318 4429; x_wconf 91' lang='lat' dir='ltr'><strong>verum</strong></span> <span class='ocrx_word' id='word_1_520' title='bbox 1343 4371 1388 4443; x_wconf 76' lang='lat' dir='ltr'><strong>sit</strong></span> <span class='ocrx_word' id='word_1_521' title='bbox 1411 4368 1576 4447; x_wconf 73' lang='lat' dir='ltr'><strong>apparet4).</strong></span> <span class='ocrx_word' id='word_1_522' title='bbox 1610 4369 1641 4429; x_wconf 90' lang='lat' dir='ltr'><strong>tn</strong></span> <span class='ocrx_word' id='word_1_523' title='bbox 1666 4368 1825 4428; x_wconf 90' lang='lat' dir='ltr'><strong>sortitione</strong></span> <span class='ocrx_word' id='word_1_524' title='bbox 1845 4368 2075 4443; x_wconf 90' lang='lat' dir='ltr'><strong>provinciarum</strong></span> 
     </span>
     <span class='ocr_line' id='line_1_43' title="bbox 206 4456 2077 4536; baseline -0.001 -19"><span class='ocrx_word' id='word_1_525' title='bbox 206 4458 448 4532; x_wconf 87' lang='lat' dir='ltr'><strong>quaestoriarum</strong></span> <span class='ocrx_word' id='word_1_526' title='bbox 472 4459 499 4519; x_wconf 96' lang='lat' dir='ltr'><strong>ei</strong></span> <span class='ocrx_word' id='word_1_527' title='bbox 524 4456 663 4519; x_wconf 87' lang='lat' dir='ltr'><strong>Sardinia</strong></span> <span class='ocrx_word' id='word_1_528' title='bbox 686 4458 804 4534; x_wconf 89' lang='lat' dir='ltr'><strong>obtigit.</strong></span> <span class='ocrx_word' id='word_1_529' title='bbox 847 4457 908 4520; x_wconf 93' lang='lat' dir='ltr'><strong>Ubi</strong></span> <span class='ocrx_word' id='word_1_530' title='bbox 933 4475 1004 4518; x_wconf 92' lang='lat' dir='ltr'><strong>cum</strong></span> <span class='ocrx_word' id='word_1_531' title='bbox 1029 4457 1180 4519; x_wconf 89' lang='lat' dir='ltr'><strong>seditione</strong></span> <span class='ocrx_word' id='word_1_532' title='bbox 1204 4462 1268 4518; x_wconf 89' lang='lat' dir='ltr'><strong>orta</strong></span> <span class='ocrx_word' id='word_1_533' title='bbox 1292 4463 1321 4519; x_wconf 91' lang='lat' dir='ltr'><strong>et</strong></span> <span class='ocrx_word' id='word_1_534' title='bbox 1344 4459 1474 4536; x_wconf 92' lang='lat' dir='ltr'><strong>imperio</strong></span> <span class='ocrx_word' id='word_1_535' title='bbox 1499 4462 1527 4519; x_wconf 95' lang='lat' dir='ltr'><strong>et</strong></span> <span class='ocrx_word' id='word_1_536' title='bbox 1549 4458 1680 4517; x_wconf 89' lang='lat' dir='ltr'><strong>exercitu</strong></span> <span class='ocrx_word' id='word_1_537' title='bbox 1705 4457 1857 4517; x_wconf 91' lang='lat' dir='ltr'><strong>consulari</strong></span> <span class='ocrx_word' id='word_1_538' title='bbox 1882 4473 1964 4533; x_wconf 90' lang='lat' dir='ltr'><strong>opus</strong></span> <span class='ocrx_word' id='word_1_539' title='bbox 1987 4459 2077 4531; x_wconf 83' lang='lat' dir='ltr'><strong>esset,</strong></span> 
     </span>
     <span class='ocr_line' id='line_1_44' title="bbox 207 4544 2077 4624; baseline 0.001 -19"><span class='ocrx_word' id='word_1_540' title='bbox 207 4546 237 4607; x_wconf 93' lang='lat' dir='ltr'><strong>l..</strong></span> <span class='ocrx_word' id='word_1_541' title='bbox 258 4544 399 4607; x_wconf 72' lang='lat' dir='ltr'><strong>Aurelius</strong></span> <span class='ocrx_word' id='word_1_542' title='bbox 419 4547 543 4609; x_wconf 90' lang='lat' dir='ltr'><strong>Orestes</strong></span> <span class='ocrx_word' id='word_1_543' title='bbox 566 4565 591 4608; x_wconf 95' lang='lat' dir='ltr'><strong>a.</strong></span> <span class='ocrx_word' id='word_1_544' title='bbox 612 4548 676 4608; x_wconf 88' lang='grc'><strong>628</strong></span> <span class='ocrx_word' id='word_1_545' title='bbox 690 4574 731 4597; x_wconf 92' lang='lat'>=</span> <span class='ocrx_word' id='word_1_546' title='bbox 750 4547 810 4608; x_wconf 96' lang='grc'><strong>126</strong></span> <span class='ocrx_word' id='word_1_547' title='bbox 835 4564 896 4607; x_wconf 90' lang='lat' dir='ltr'><strong>cos.</strong></span> <span class='ocrx_word' id='word_1_548' title='bbox 921 4545 1036 4608; x_wconf 92' lang='lat' dir='ltr'><strong>bellum</strong></span> <span class='ocrx_word' id='word_1_549' title='bbox 1056 4547 1210 4624; x_wconf 91' lang='lat' dir='ltr'><strong>suscipere</strong></span> <span class='ocrx_word' id='word_1_550' title='bbox 1230 4547 1331 4608; x_wconf 90' lang='lat' dir='ltr'><strong>iussus</strong></span> <span class='ocrx_word' id='word_1_551' title='bbox 1349 4552 1400 4608; x_wconf 86' lang='lat' dir='ltr'><strong>est</strong></span> <span class='ocrx_word' id='word_1_552' title='bbox 1438 4546 1600 4608; x_wconf 90' lang='lat' dir='ltr'><strong>Gracchus</strong></span> <span class='ocrx_word' id='word_1_553' title='bbox 1622 4549 1785 4621; x_wconf 91' lang='lat' dir='ltr'><strong>antequam</strong></span> <span class='ocrx_word' id='word_1_554' title='bbox 1805 4563 1844 4606; x_wconf 93' lang='lat' dir='ltr'><strong>eo</strong></span> <span class='ocrx_word' id='word_1_555' title='bbox 1864 4563 1896 4606; x_wconf 93' lang='lat' dir='ltr'><strong>se</strong></span> <span class='ocrx_word' id='word_1_556' title='bbox 1915 4544 2077 4620; x_wconf 81' lang='lat' dir='ltr'><strong>contenet,</strong></span> 
     </span>
     <span class='ocr_line' id='line_1_45' title="bbox 207 4634 2077 4714; baseline -0.001 -18"><span class='ocrx_word' id='word_1_557' title='bbox 207 4635 248 4696; x_wconf 91' lang='grc' dir='ltr'><strong>Μ.</strong></span> <span class='ocrx_word' id='word_1_558' title='bbox 283 4635 359 4695; x_wconf 90' lang='lat' dir='ltr'><strong>iunii</strong></span> <span class='ocrx_word' id='word_1_559' title='bbox 400 4636 495 4696; x_wconf 92' lang='lat' dir='ltr'><strong>Penni</strong></span> <span class='ocrx_word' id='word_1_560' title='bbox 531 4638 737 4714; x_wconf 91' lang='lat' dir='ltr'><strong>rogationem,</strong></span> <span class='ocrx_word' id='word_1_561' title='bbox 776 4653 837 4712; x_wconf 95' lang='lat' dir='ltr'><strong>qua</strong></span> <span class='ocrx_word' id='word_1_562' title='bbox 876 4653 986 4696; x_wconf 89' lang='lat' dir='ltr'><strong>omnes</strong></span> <span class='ocrx_word' id='word_1_563' title='bbox 1024 4640 1052 4696; x_wconf 89' lang='lat' dir='ltr'><strong>et</strong></span> <span class='ocrx_word' id='word_1_564' title='bbox 1091 4636 1184 4697; x_wconf 84' lang='lat' dir='ltr'><strong>latini</strong></span> <span class='ocrx_word' id='word_1_565' title='bbox 1224 4640 1252 4697; x_wconf 93' lang='lat' dir='ltr'><strong>et</strong></span> <span class='ocrx_word' id='word_1_566' title='bbox 1290 4637 1441 4713; x_wconf 92' lang='lat' dir='ltr'><strong>peregrini</strong></span> <span class='ocrx_word' id='word_1_567' title='bbox 1480 4653 1518 4695; x_wconf 93' lang='lat' dir='ltr'><strong>ex</strong></span> <span class='ocrx_word' id='word_1_568' title='bbox 1553 4635 1629 4696; x_wconf 92' lang='lat' dir='ltr'><strong>urbe</strong></span> <span class='ocrx_word' id='word_1_569' title='bbox 1662 4635 1896 4712; x_wconf 87' lang='lat' dir='ltr'><strong>expellerentur,</strong></span> <span class='ocrx_word' id='word_1_570' title='bbox 1935 4634 2077 4695; x_wconf 90' lang='lat' dir='ltr'><strong>oratione</strong></span> 
     </span>
    </p>
   </div>
   <div class='ocr_carea' id='block_1_13' title="bbox 205 4823 2075 5254">
    <p class='ocr_par' dir='ltr' id='par_1_13' title="bbox 205 4823 2075 5180">
     <span class='ocr_line' id='line_1_46' title="bbox 369 4823 2072 4889; baseline -0.001 -9"><span class='ocrx_word' id='word_1_571' title='bbox 369 4829 388 4889; x_wconf 86' lang='lat'><strong>¹)</strong></span> <span class='ocrx_word' id='word_1_572' title='bbox 409 4825 439 4881; x_wconf 89' lang='lat' dir='ltr'><strong>P.</strong></span> <span class='ocrx_word' id='word_1_573' title='bbox 456 4826 573 4882; x_wconf 78' lang='lat' dir='ltr'><strong>Foncart</strong></span> <span class='ocrx_word' id='word_1_574' title='bbox 594 4828 631 4884; x_wconf 83' lang='lat' dir='ltr'><strong>La</strong></span> <span class='ocrx_word' id='word_1_575' title='bbox 649 4828 804 4884; x_wconf 84' lang='lat' dir='ltr'><strong>formation</strong></span> <span class='ocrx_word' id='word_1_576' title='bbox 822 4828 859 4883; x_wconf 93' lang='lat' dir='ltr'><strong>de</strong></span> <span class='ocrx_word' id='word_1_577' title='bbox 879 4827 905 4882; x_wconf 91' lang='lat' dir='ltr'><strong>la</strong></span> <span class='ocrx_word' id='word_1_578' title='bbox 926 4826 1007 4882; x_wconf 90' lang='lat' dir='ltr'><strong>Prov.</strong></span> <span class='ocrx_word' id='word_1_579' title='bbox 1025 4826 1105 4886; x_wconf 81' lang='lat' dir='ltr'><strong>Rom.</strong></span> <span class='ocrx_word' id='word_1_580' title='bbox 1125 4827 1225 4883; x_wconf 77' lang='lat' dir='ltr'><strong>d’Asie</strong></span> <span class='ocrx_word' id='word_1_581' title='bbox 1245 4849 1279 4874; x_wconf 93' lang='lat'><strong><em>=</em></strong></span> <span class='ocrx_word' id='word_1_582' title='bbox 1298 4825 1456 4881; x_wconf 71' lang='lat' dir='ltr'><strong>Memoires</strong></span> <span class='ocrx_word' id='word_1_583' title='bbox 1479 4827 1516 4882; x_wconf 91' lang='lat' dir='ltr'><strong>de</strong></span> <span class='ocrx_word' id='word_1_584' title='bbox 1536 4827 1624 4882; x_wconf 86' lang='lat' dir='ltr'><strong>l&#39;lnst.</strong></span> <span class='ocrx_word' id='word_1_585' title='bbox 1644 4827 1708 4883; x_wconf 88' lang='lat' dir='ltr'><strong>Nat.</strong></span> <span class='ocrx_word' id='word_1_586' title='bbox 1728 4827 1765 4881; x_wconf 96' lang='lat' dir='ltr'><strong>de</strong></span> <span class='ocrx_word' id='word_1_587' title='bbox 1786 4825 1891 4881; x_wconf 81' lang='lat' dir='ltr'><strong>France</strong></span> <span class='ocrx_word' id='word_1_588' title='bbox 1910 4823 2072 4879; x_wconf 84' lang='lat' dir='ltr'><strong>xxxvrlr</strong></span> 
     </span>
     <span class='ocr_line' id='line_1_47' title="bbox 206 4899 2075 5041; baseline -0.001 -17"><span class='ocrx_word' id='word_1_589' title='bbox 206 4915 232 4968; x_wconf 42' lang='lat' dir='ltr'><strong>p·</strong></span> <span class='ocrx_word' id='word_1_590' title='bbox 246 4899 299 4953; x_wconf 63' lang='lat'><strong>33⁰</strong></span> <span class='ocrx_word' id='word_1_591' title='bbox 314 4914 388 5036; x_wconf 40' lang='lat' dir='ltr'><strong>squ)</strong></span> <span class='ocrx_word' id='word_1_592' title='bbox 408 4969 441 5024; x_wconf 93' lang='lat' dir='ltr'><strong>V.</strong></span> <span class='ocrx_word' id='word_1_593' title='bbox 458 4968 573 5040; x_wconf 88' lang='lat' dir='ltr'><strong>Chapot</strong></span> <span class='ocrx_word' id='word_1_594' title='bbox 593 4970 630 5024; x_wconf 84' lang='lat' dir='ltr'><strong>La</strong></span> <span class='ocrx_word' id='word_1_595' title='bbox 655 4987 733 5041; x_wconf 90' lang='lat' dir='ltr'><strong>prov.</strong></span> <span class='ocrx_word' id='word_1_596' title='bbox 754 4969 834 5028; x_wconf 85' lang='lat' dir='ltr'><strong>Rom.</strong></span> <span class='ocrx_word' id='word_1_597' title='bbox 859 4985 991 5040; x_wconf 92' lang='lat' dir='ltr'><strong>procons.</strong></span> <span class='ocrx_word' id='word_1_598' title='bbox 1011 4968 1111 5024; x_wconf 74' lang='lat' dir='ltr'><strong>d’llsie</strong></span> <span class='ocrx_word' id='word_1_599' title='bbox 1131 4991 1165 5016; x_wconf 96' lang='lat'><strong><em>=</em></strong></span> <span class='ocrx_word' id='word_1_600' title='bbox 1186 4967 1385 5040; x_wconf 73' lang='lat' dir='ltr'><strong>bibliotheque</strong></span> <span class='ocrx_word' id='word_1_601' title='bbox 1409 4970 1445 5025; x_wconf 91' lang='lat' dir='ltr'><strong>de</strong></span> <span class='ocrx_word' id='word_1_602' title='bbox 1470 4968 1570 5025; x_wconf 74' lang='lat' dir='ltr'><strong>l’ecole</strong></span> <span class='ocrx_word' id='word_1_603' title='bbox 1594 4971 1646 5025; x_wconf 90' lang='lat' dir='ltr'><strong>des</strong></span> <span class='ocrx_word' id='word_1_604' title='bbox 1670 4969 1771 5025; x_wconf 91' lang='lat' dir='ltr'><strong>haules</strong></span> <span class='ocrx_word' id='word_1_605' title='bbox 1790 4967 1891 5024; x_wconf 70' lang='lat' dir='ltr'><strong>eludes</strong></span> <span class='ocrx_word' id='word_1_606' title='bbox 1911 4967 1959 5023; x_wconf 76' lang='lat' dir='ltr'><strong>cl</strong></span> <span class='ocrx_word' id='word_1_607' title='bbox 1978 4984 2004 5037; x_wconf 92' lang='lat' dir='ltr'><strong>p.</strong></span> <span class='ocrx_word' id='word_1_608' title='bbox 2027 4967 2075 5035; x_wconf 87' lang='grc'><strong>13;</strong></span> 
     </span>
     <span class='ocr_line' id='line_1_48' title="bbox 205 5041 1001 5180; baseline 0.001 -15"><span class='ocrx_word' id='word_1_609' title='bbox 205 5043 272 5107; x_wconf 64' lang='lat'><strong>³¹9&#39;</strong></span> <span class='ocrx_word' id='word_1_610' title='bbox 291 5041 340 5096; x_wconf 67' lang='lat'><strong>³⁶¹</strong></span> <span class='ocrx_word' id='word_1_611' title='bbox 359 5057 482 5180; x_wconf 56' lang='lat' dir='ltr'><strong>sa(irin.</strong></span> <span class='ocrx_word' id='word_1_612' title='bbox 502 5113 542 5166; x_wconf 85' lang='lat' dir='ltr'><strong>rr.</strong></span> <span class='ocrx_word' id='word_1_613' title='bbox 563 5111 681 5168; x_wconf 75' lang='lat' dir='ltr'><strong>macen.</strong></span> <span class='ocrx_word' id='word_1_614' title='bbox 701 5114 731 5178; x_wconf 81' lang='lat' dir='ltr'><strong>a;</strong></span> <span class='ocrx_word' id='word_1_615' title='bbox 751 5112 783 5167; x_wconf 85' lang='lat' dir='ltr'><strong>e.</strong></span> <span class='ocrx_word' id='word_1_616' title='bbox 803 5112 922 5167; x_wconf 66' lang='lat' dir='ltr'><strong>osacen.</strong></span> <span class='ocrx_word' id='word_1_617' title='bbox 945 5114 966 5178; x_wconf 87' lang='grc' dir='ltr'><strong>ι,</strong></span> <span class='ocrx_word' id='word_1_618' title='bbox 981 5133 1001 5172; x_wconf 83' lang='lat'><strong>2.</strong></span> 
     </span>
    </p>

    <p class='ocr_par' dir='ltr' id='par_1_14' title="bbox 367 5182 1816 5254">
     <span class='ocr_line' id='line_1_49' title="bbox 367 5182 1816 5254; baseline -0.001 -16"><span class='ocrx_word' id='word_1_619' title='bbox 367 5186 390 5252; x_wconf 85' lang='lat'><strong>⁴)</strong></span> <span class='ocrx_word' id='word_1_620' title='bbox 411 5183 469 5238; x_wconf 89' lang='lat' dir='ltr'><strong>Cic.</strong></span> <span class='ocrx_word' id='word_1_621' title='bbox 489 5184 525 5239; x_wconf 92' lang='lat' dir='ltr'><strong>de</strong></span> <span class='ocrx_word' id='word_1_622' title='bbox 546 5184 603 5239; x_wconf 90' lang='lat' dir='ltr'><strong>har.</strong></span> <span class='ocrx_word' id='word_1_623' title='bbox 623 5200 697 5254; x_wconf 90' lang='lat' dir='ltr'><strong>resp.</strong></span> <span class='ocrx_word' id='word_1_624' title='bbox 716 5186 808 5252; x_wconf 67' lang='lat'><strong>20,42;</strong></span> <span class='ocrx_word' id='word_1_625' title='bbox 829 5183 900 5239; x_wconf 91' lang='lat' dir='ltr'><strong>Plut.</strong></span> <span class='ocrx_word' id='word_1_626' title='bbox 921 5183 954 5239; x_wconf 90' lang='lat' dir='ltr'><strong>C.</strong></span> <span class='ocrx_word' id='word_1_627' title='bbox 974 5182 1092 5239; x_wconf 89' lang='lat' dir='ltr'><strong>Gracch.</strong></span> <span class='ocrx_word' id='word_1_628' title='bbox 1115 5185 1136 5250; x_wconf 93' lang='lat' dir='ltr'><strong>l,</strong></span> <span class='ocrx_word' id='word_1_629' title='bbox 1151 5201 1178 5250; x_wconf 76' lang='lat'><strong>4;</strong></span> <span class='ocrx_word' id='word_1_630' title='bbox 1198 5183 1259 5239; x_wconf 89' lang='lat' dir='ltr'><strong>Val.</strong></span> <span class='ocrx_word' id='word_1_631' title='bbox 1280 5184 1357 5240; x_wconf 84' lang='lat' dir='ltr'><strong>Max.</strong></span> <span class='ocrx_word' id='word_1_632' title='bbox 1379 5184 1429 5253; x_wconf 91' lang='grc'><strong>17,</strong></span> <span class='ocrx_word' id='word_1_633' title='bbox 1444 5203 1470 5251; x_wconf 77' lang='grc' dir='ltr'><strong>ο;</strong></span> <span class='ocrx_word' id='word_1_634' title='bbox 1490 5184 1583 5240; x_wconf 89' lang='lat' dir='ltr'><strong>Schol.</strong></span> <span class='ocrx_word' id='word_1_635' title='bbox 1604 5183 1674 5239; x_wconf 77' lang='lat' dir='ltr'><strong>bob.</strong></span> <span class='ocrx_word' id='word_1_636' title='bbox 1695 5184 1748 5239; x_wconf 87' lang='grc'><strong>365</strong></span> <span class='ocrx_word' id='word_1_637' title='bbox 1766 5183 1816 5238; x_wconf 92' lang='lat' dir='ltr'><strong>Or.</strong></span> 
     </span>
    </p>
   </div>
   <div class='ocr_carea' id='block_1_14' title="bbox 0 0 2213 5700">
    <p class='ocr_par' dir='ltr' id='par_1_15' title="bbox 0 0 2213 5700">
     <span class='ocr_line' id='line_1_50' title="bbox 0 0 2213 5700; baseline 0 0"><span class='ocrx_word' id='word_1_638' title='bbox 0 0 2213 5700; x_wconf 95' lang='lat' dir='ltr'><strong> </strong></span> 
     </span>
    </p>
   </div>
  </div>
 </body>
</html>
