4416 5700
1109 248 1151 342 -.⁷
1192 339 1217 342 ,,

209 463 295 543 Vict]
317 461 355 524 ib.
375 479 384 529 1
403 479 448 524 ex
470 461 604 524 Graecas
624 461 733 523 litteras
753 467 817 522 tum
839 460 989 524 Catonem
1007 461 1037 521 in
1055 461 1192 524 Sardinia
1206 463 1246 524 ab
1267 465 1368 526 Ennio
1392 464 1535 527 didicisse
1563 465 1734 538 nescioquo
1759 462 1824 523 inre
1846 465 1975 523 testatur.
2012 461 2072 525 Sed

208 569 397 630 quamquam
429 552 539 615 Catoni
571 551 689 612 Ennius
709 550 881 630 familiaris
907 554 1011 612 noster
1035 555 1097 612 erat
1126 551 1232 634 (apud.
1258 554 1322 616 Cic.
1347 555 1411 618 Cat.
1443 555 1511 615 mai.
1541 554 1626 629 410),
1655 556 1756 613 lamen
1789 550 1876 613 illum
1907 568 1979 613 cnm
2012 552 2073 613 hoc

206 641 355 702 amicitiae
383 639 607 702 necessitudine
634 642 835 701 coniunctum
859 639 955 701 tuisse
977 640 1059 701 credi
1085 640 1134 701 vix
1157 641 1237 705 licet:
1269 645 1341 705 Non
1367 661 1473 705 comes
1497 643 1526 704 in
1551 643 1679 703 cohorte
1702 641 1839 716 Catonis,
1864 641 1962 702 immo
1986 641 2073 702 miles

207 730 298 791 simul
323 748 340 791 e
364 729 502 793 Sardinia
526 729 656 794 Romam
680 733 866 791 transvectus
889 728 973 809 esu).
1009 729 1085 801 Quo
1109 731 1227 807 optime
1254 733 1390 809 quadrat,
1419 731 1507 810 quod
1536 732 1645 795 Cicero
1675 731 1775 806 (Tusc
1800 729 1854 806 la,
1864 734 1890 806 3)
1920 730 2071 793 Catonem

208 825 313 895 postea
338 820 379 881 M.
405 819 573 893 Nobiliori,
603 818 690 895 quod
723 820 753 880 in
783 819 974 896 provinciam
1006 823 1111 896 poetas
1134 819 1322 897 deduxisset,
1351 827 1508 898 tamquam
1541 820 1690 898 probrum
1719 818 1871 881 obiecisse
1893 819 2005 882 scribit.
2031 859 2072 868 -

208 909 286 970 Cato
309 910 399 971 vivus
427 908 487 969 hoc
512 925 576 970 uno
604 908 794 986 cognomine
821 925 923 984 eoque
952 909 1069 984 primns
1094 908 1275 972 Porciorum
1298 912 1468 990 appellatus
1491 914 1544 987 est,
1573 913 1713 972 mortuus
1741 909 1868 970 demum
1894 909 2072 986 Censorius,

208 997 345 1077 Sapiens,
369 997 489 1073 Orator,
514 997 643 1073 Priscus,
668 997 766 1059 Senex
789 998 1028 1076 cognominatus
1052 997 1137 1074 est2).

916 1207 960 1289 C.
990 1210 1136 1289 Laelius
1164 1208 1210 1290 C.
1227 1211 1251 1290 t.
1271 1210 1316 1292 C.
1336 1237 1369 1291 n.

210 1357 271 1418 [iv.
295 1356 379 1420 XXX
404 1359 495 1432 SM:
509 1371 625 1442 (Scipio)
641 1371 776 1439 Laelium,
796 1371 876 1427 cuius
896 1373 962 1426 ante
981 1370 1076 1441 legati,
1097 1387 1133 1426 eo
1153 1387 1230 1426 anno
1249 1371 1411 1441 quaestoris
1432 1374 1510 1426 extra
1531 1374 1637 1426 sortem
1653 1386 1689 1425 ex
1704 1372 1821 1425 senatus
1836 1368 1968 1424 consulto
1983 1383 2072 1438 opera

421 1443 560 1511 utebatur,
580 1458 644 1499 cum
666 1442 761 1498 ltalico
782 1444 908 1514 equitatu
928 1442 964 1497 ab
984 1442 1098 1498 sinistro
1117 1459 1213 1508 cornu,
1234 1443 1418 1498 Masinissam
1439 1441 1639 1512 Numidasque
1658 1442 1695 1497 ab
1714 1441 1816 1496 dextro
1834 1439 1979 1510 opposuit.

368 1555 404 1617 C.
429 1555 548 1616 Laelius
572 1556 607 1618 C
626 1556 646 1618 1.
666 1557 702 1619 C
723 1553 780 1628 n.³l
810 1554 866 1615 fuit
893 1554 1147 1616 familiarissimus
1177 1555 1226 1616 ille
1257 1555 1289 1616 Ρ.
1313 1555 1468 1631 Scipionis
1500 1554 1624 1616 maioris
1654 1554 1780 1627 amicus,
1812 1570 1829 1613 a
1859 1568 1925 1629 quo
1956 1550 2073 1628 gloriae

208 1642 385 1720 laborisque
416 1661 538 1721 semper
568 1647 673 1707 socius
706 1644 827 1706 habitus
859 1644 944 1718 est4l.
991 1643 1051 1706 Cui
1083 1645 1261 1721 proconsuli
1297 1646 1325 1705 in
1352 1645 1509 1720 llispanla
1541 1642 1581 1704 ab
1613 1660 1638 1704 a.
1673 1642 1870 1703 545=209
1904 1657 2003 1717 usque
2034 1639 2073 1701 ad

207 1749 233 1794 a.
258 1734 466 1808 548=206,
490 1733 565 1794 dum
592 1734 807 1813 praefecturam
832 1733 989 1794 sociorum
1015 1733 1152 1794 navalem
1177 1734 1262 1811 gerit,
1293 1751 1482 1810 quamquam
1514 1732 1656 1793 nondum
1686 1731 1805 1792 ordinis
1833 1730 1973 1791 senatorii
2003 1732 2073 1805 erat,

209 1820 326 1899 legatus
350 1838 476 1898 operam
501 1841 587 1884 suam
612 1824 813 1899 studiumque
837 1823 963 1883 navavit.
1011 1822 1045 1884 Α.
1072 1824 1135 1884 549
1150 1851 1191 1872 =
1206 1824 1269 1884 205
1293 1827 1403 1883 aestate
1427 1822 1574 1899 Scipioni,
1603 1822 1656 1898 qui
1685 1824 1750 1881 tum
1775 1819 1971 1897 Carthaginis
1993 1819 2072 1879 exci-

209 1909 295 1970 dium
326 1912 432 1972 animo
459 1912 577 1989 agitans
606 1931 623 1974 e
651 1913 751 1975 Sicilia
780 1913 809 1972 in
840 1910 972 1972 Africam
1003 1929 1074 1972 cum
1109 1912 1285 1989 legionibus
1315 1913 1439 1973 transire
1470 1911 1600 1989 parabat,
1635 1911 1740 1972 iterum
1773 1909 1940 1985 praefectus
1970 1908 2074 1970 classis

208 1998 323 2073 aderat;
345 2017 363 2060 a
386 2017 452 2076 quo
477 2002 506 2062 in
533 2002 666 2063 Africam
691 2019 761 2062 cnm
786 2001 881 2061 classe
905 2000 1082 2078 praedatum
1109 2001 1220 2061 missus
1249 2001 1320 2062 inde
1350 2018 1422 2061 cum
1454 2018 1565 2077 magna
1594 1999 1705 2077 praeda
1733 2003 1870 2060 revectus
1897 2002 1949 2059 est.
1996 1996 2074 2058 Vere

208 2089 279 2149 anni
304 2087 520 2165 subsequentis
542 2108 613 2151 cum
639 2090 743 2167 Scipio
769 2091 936 2168 proconsul
962 2089 1100 2166 legiones
1123 2090 1334 2164 transveheret,
1360 2089 1395 2152 C.
1421 2090 1539 2151 laelius
1564 2106 1719 2149 unacum
1750 2089 1791 2150 M.
1818 2087 1929 2149 Porcio
1954 2086 2073 2150 Catone

209 2181 273 2237 tum
306 2182 467 2253 quaestore
501 2180 606 2257 viginti
641 2180 773 2241 rostratis
804 2179 933 2240 navibus
967 2178 1119 2256 praesidio
1152 2180 1300 2240 onerariis
1331 2179 1396 2240 tuit.
1459 2181 1493 2240 Α.
1528 2181 1586 2240 551
1605 2179 1724 2239 :203
1760 2177 1877 2238 Laelius
1911 2176 2074 2237 adiuvante

210 2266 370 2328 Masinissa
394 2266 575 2346 Syphacem,
599 2268 805 2329 Numidarum
831 2287 944 2346 regem,
968 2269 1038 2329 vicit
1062 2270 1230 2346 vivumque
1252 2268 1291 2329 ad
1316 2269 1493 2346 Scipionem
1519 2268 1667 2345 perduxit.
1716 2267 1741 2328 Α
1766 2283 1831 2343 quo
1855 2283 1927 2326 cum
1951 2265 2072 2342 captivo

209 2355 376 2433 legatisque
400 2357 578 2418 Masinissae
603 2359 714 2419 missus
738 2358 867 2422 Romam
893 2359 974 2418 venit
998 2375 1139 2435 quaeque
1163 2359 1192 2418 in
1220 2357 1318 2419 htrica
1342 2363 1425 2434 gesta
1448 2362 1556 2430 essent,
1581 2358 1611 2417 in
1635 2360 1740 2417 senatu
1765 2357 1915 2433 exposuit
1941 2354 1972 2414 ln
1997 2352 2074 2415 urbe

208 2448 401 2520 quaesturam
427 2445 456 2506 in
481 2464 597 2507 annum
624 2449 687 2508 552
702 2474 741 2498 =
756 2448 819 2507 202
840 2447 943 2525 petivit
954 2446 980 2525 5)
1003 2451 1209 2523 quaestorque
1232 2452 1356 2520 creatus,
1380 2464 1451 2507 cum
1471 2464 1593 2524 semper
1613 2446 1675 2507 tere
1692 2445 1867 2523 provinciae
1883 2444 2073 2520 quaestoriae

208 2538 290 2595 sorte
312 2533 563 2597 distribuerentur
572 2534 607 2612 ⁶),
626 2541 707 2597 extra
730 2541 842 2598 sortem
868 2555 904 2596 ex
927 2539 1049 2597 senatus
1072 2537 1215 2597 consulto
1241 2536 1377 2614 Scipioni
1401 2535 1564 2597 adiunctus
1587 2540 1639 2596 est.
1687 2534 1807 2596 Deinde
1831 2536 1861 2595 ln
1880 2532 2013 2594 Atticam
2032 2531 2072 2593 ad

209 2624 372 2684 exercitum
398 2626 486 2685 venit.
534 2627 565 2685 ln
591 2627 710 2703 proelio
736 2626 876 2687 Zamensi
901 2626 1046 2703 equitatui
1073 2625 1174 2686 ltalico
1199 2632 1345 2701 praeerat;
1369 2628 1477 2687 virtute
1493 2625 1603 2686 eximia
1620 2641 1744 2702 pugnae
1761 2627 1952 2684 momentum
1969 2622 2073 2683 attulit

211 2712 377 2788 Postquam
402 2715 484 2774 enim
511 2732 665 2776 unacum
691 2715 851 2777 Masinissa
876 2714 961 2775 initio
986 2732 1109 2792 pugnae
1132 2715 1399 2792 Carthaginienses
1422 2715 1539 2792 equites
1564 2715 1695 2791 reppulit
1718 2712 1921 2790 repulsosque
1945 2728 1999 2789 per
2020 2712 2073 2772 atl-

209 2807 357 2877 quantum
382 2803 468 2879 spatii
494 2809 670 2879 persecutus
693 2810 745 2877 est,
769 2809 920 2865 revertens
949 2805 977 2863 in
1006 2821 1142 2864 aversam
1173 2803 1310 2881 peditum
1340 2804 1435 2864 aciem
1466 2804 1589 2864 incurrit
1617 2805 1819 2880 equitumque
1850 2803 1964 2878 impetu
1994 2800 2074 2862 adeo

210 2889 344 2967 perculit,
369 2894 401 2951 ut
422 2896 505 2969 terga
528 2896 674 2953 verterent
682 2892 714 2967 7).
754 2892 827 2953 Post
851 2893 1002 2970 proelium
1022 2893 1139 2952 Laelius
1155 2893 1284 2957 Romam
1302 2893 1445 2953 victoriae
1461 2895 1618 2953 nuntiusa
1636 2892 1781 2970 Scipione
1798 2893 1910 2951 missus
1926 2895 1970 2951 est
1979 2889 2013 2968 8).
2033 2925 2072 2934 -

210 2979 245 3041 Α.
270 2980 333 3040 557
349 3008 389 3030 =
408 2982 467 3042 107
491 2981 640 3042 aedilitate
664 2981 790 3058 plebeia,
812 2999 838 3042 a.
865 2984 928 3043 558
945 3009 985 3032 =
1005 2982 1065 3042 loo
1090 2986 1236 3058 praetura,
1259 3000 1283 3042 a.
1310 2983 1372 3043 504
1388 3010 1428 3032 =
1447 2983 1507 3043 190
1532 2983 1690 3043 consulatu
1716 2980 1839 3041 iunctus
1858 2983 1910 3043 est.
1930 3015 1968 3022 -·
1988 2979 2074 3040 Pater

208 3068 266 3130 tuit
288 3069 324 3131 C.
349 3068 439 3130 Laelii
465 3069 545 3131 illins
569 3070 727 3149 Sapientis,
751 3071 839 3131 cuins
862 3089 933 3131 cum
959 3071 1105 3148 Scipione
1130 3070 1302 3131 Aemiliano
1326 3072 1457 3133 amicitia
1482 3072 1614 3132 maxime
1638 3069 1847 3132 memorabilis
1863 3067 1966 3147 erat9).
2059 3102 2065 3109 ·

872 3281 908 3360 1.
939 3281 1155 3360 Postumius
1183 3282 1413 3384 Tympanus.

211 3426 272 3487 Uv-
297 3426 424 3488 ΧΧΧΝ
449 3428 543 3503 47,2;
565 3441 595 3496 ln
616 3444 726 3512 portam
748 3441 940 3511 quaestoriam
962 3441 1118 3511 irruperant
1137 3440 1211 3497 Galli
1233 3440 1448 3511 resistentisque
1468 3440 1641 3511 pertinacius
1661 3441 1822 3497 occiderant
1844 3441 1870 3495 1.
1894 3439 2072 3496 Postumium

422 3516 623 3638 <31¹{glittgrser'mr
625 3512 854 3639 meginli'yirtrgpsiano
873 3512 925 3568 tuit
945 3528 1116 3583 cognomen,
1141 3517 1168 3568 et
1188 3513 1227 3568 M.
1248 3513 1373 3568 Atinium
1399 3516 1426 3567 et
1447 3511 1476 3566 P.
1501 3511 1700 3582 Sempronium
1728 3513 1888 3583 praefectos
1912 3513 2021 3567 socium
2046 3516 2075 3567 et

368 3692 413 3753 Ti.
438 3692 640 3769 Sempronius
665 3695 792 3773 Longus
819 3711 930 3756 cosa.
956 3697 1163 3771 560=104,
1192 3714 1257 3772 quo
1285 3697 1312 3757 ei
1342 3696 1422 3757 ltalia
1451 3696 1607 3773 provincia
1636 3694 1754 3756 decreta
1781 3700 1850 3770 erat,
1880 3697 1909 3757 in
1939 3695 2072 3759 Galliam

210 3781 426 3859 Cispadanam,
450 3800 529 3859 quac
551 3786 625 3843 tunc
648 3801 719 3844 cum
746 3785 826 3845 ltalia
850 3785 1014 3845 coniuncta
1037 3790 1097 3846 erat
1123 3822 1162 3828 -
1187 3784 1313 3845 demum
1338 3802 1364 3845 a.
1389 3786 1452 3846 073
1468 3812 1509 3835 =
1524 3786 1559 3845 81
1590 3785 1750 3862 peculiaris
1769 3786 1926 3863 provincia
1949 3803 1967 3847 a
1991 3785 2074 3848 Sulla

209 3871 371 3933 constituta
394 3869 488 3945 est¹⁰l
511 3908 548 3914 —
575 3889 646 3933 cum
670 3875 801 3934 exercitu
827 3873 981 3951 protectus
1004 3880 1056 3935 est.
1081 3875 1141 3937 Ubi
1160 3875 1188 3934 in
1208 3875 1356 3935 Boiorum
1372 3891 1491 3951 agrum,
1507 3875 1569 3950 qui,
1587 3879 1619 3935 ut
1634 3891 1705 3934 cum
1724 3875 1872 3939 Romanis
1888 3874 2074 3949 rebellarent,

208 3976 226 4019 a
250 3959 397 4037 boiorige
421 3978 492 4037 rege
516 3962 638 4038 impulsi
663 3967 754 4038 erant,
779 3963 918 4039 legiones
941 3963 1034 4024 duxit
1083 3964 1191 4025 Paucis
1220 3964 1330 4024 diebus
1359 3965 1535 4024 intermissis
1564 3962 1667 4024 hostes
1695 3967 1789 4024 castra
1814 3964 1951 4028 Romana
1980 3964 2072 4024 simul

208 4047 248 4108 ab
273 4049 359 4111 omni
386 4055 468 4127 parte
490 4051 625 4127 aggressi
650 4054 729 4112 sunt.
777 4050 944 4128 Postquam
976 4053 1029 4113 din
1062 4053 1091 4113 in
1124 4052 1246 4114 duabus
1276 4051 1496 4131 principalibus
1528 4053 1623 4129 portis
1653 4057 1824 4130 pugnatum
1857 4058 1908 4128 est,
1938 4052 2005 4113 Boii
2034 4051 2074 4112 ab

208 4154 313 4198 aversa
342 4143 510 4200 castrorum
547 4145 630 4217 parte
664 4139 834 4201 decumana
870 4147 956 4218 porta
991 4159 1062 4202 cum
1099 4143 1285 4219 irrupissent,
1321 4145 1489 4203 resistentes
1526 4141 1684 4205 Romanos
1719 4143 1927 4216 conciderunt,
1964 4143 1993 4202 ln
2026 4141 2074 4202 his

209 4226 404 4306 Tympannm
429 4228 567 4290 consulis
589 4235 792 4305 quaestorem.

371 4420 393 4558 ἑξ
413 4418 449 4545 g
469 4419 626 4546 xljbstgretlsser
645 4418 719 4555 gato
740 4421 803 4546 mai.
824 4421 940 4548 sivecdte
959 4422 999 4505 M.
1021 4422 1110 4478 Porcii
1130 4421 1251 4549 CaMnig
1270 4425 1326 4478 vita
1346 4427 1392 4548 e2t0
1393 4421 1520 4477 moribus
1541 4438 1566 4492 p.
1588 4422 1621 4476 lb
1640 4438 1682 4492 sq.

443 4532 449 4545 .
593 4508 629 4546 cn
678 4508 857 4547 naesronum
905 4509 1100 4548 aonranarum
1121 4510 1152 4549 ca
1176 4511 1212 4549 ra
1252 4511 1290 4549 uo
1331 4536 1336 4547 .
1393 4536 1399 4547 .

370 4563 391 4623 ³)
412 4562 484 4617 fast.
504 4560 546 4616 Ca
571 4563 632 4617 .ad
652 4580 677 4618 a.
696 4564 865 4619 §64:190.
1156 4512 1173 4564 p
1311 4512 1329 4565 Ρ

370 4637 391 4693 ⁴l
412 4632 509 4704 Polyb.
570 4635 630 4700 3,a.

371 4707 393 4772 ⁵)
415 4704 526 4759 Laelius
546 4707 681 4785 quoniam
702 4706 862 4777 praelectus
882 4707 1024 4761 sociorum
1045 4707 1186 4762 navalium
1208 4707 1267 4776 tuit,
1288 4724 1303 4763 e
1323 4708 1434 4763 civitate
1454 4708 1609 4777 nescioqua
1623 4706 1770 4763 foederata
1783 4710 1863 4763 ortus
1878 4711 1944 4763 erat.
1975 4709 2073 4779 ltaque

209 4779 274 4832 ante
294 4777 408 4831 comitia
427 4777 590 4847 quaestoria
610 4780 720 4832 civitate
741 4777 869 4836 Romana
889 4779 1014 4833 donatus
1034 4783 1085 4833 est.

371 4849 393 4917 θ)
415 4847 510 4918 Lange
532 4847 684 4906 Romiscbe
704 4848 875 4904 Altertsrmer
895 4850 928 4904 l³
946 4851 999 4905 890
1019 4866 1061 4920 sq.

371 4919 393 4989 ⁷)
415 4919 470 4974 [ἰν.
490 4919 568 4974 ΧΧΧ
587 4921 680 4987 33,10;
700 4922 777 4986 35,ι;
799 4921 895 4992 Polyb.
918 4921 969 4976 XV
987 4923 1012 4988 9,
1028 4940 1053 4987 n;
1077 4922 1117 4989 12,
1133 4940 1158 4988 5;
1182 4924 1221 4988 14,
1237 4940 1262 4988 r;
1288 4922 1362 4993 App.
1380 4922 1563 4988 111).41;44;
1583 4921 1686 4977 Zonar.
1701 4922 1738 4977 lx
1756 4924 1801 4989 14;
1818 4921 1941 4978 Frontin.
1958 4925 2073 4992 strateg.

370 5062 393 5200 :i
413 5062 472 5188 {¹1ch
489 5061 618 5188 inibit
639 5135 665 5201 7,
677 5154 708 5194 η.

359 5205 391 5268 ¹⁰)
410 5205 515 5276 Zumpt
534 5204 612 5261 Stud.
633 5204 713 5263 Rom.
733 5207 767 5259 44
787 5221 834 5275 sq;
853 5207 901 5272 05;
921 5207 1087 5262 Mommsen
1107 5207 1169 5263 cll
1190 5209 1197 5262 l
1219 5225 1245 5278 p.
1269 5209 1326 5263 118.

210 4988 232 5044 ll
248 4990 318 5058 Sto
