<?xml version="1.0" encoding="UTF-8"?>
<!DOCTYPE html PUBLIC "-//W3C//DTD XHTML 1.0 Transitional//EN"
    "http://www.w3.org/TR/xhtml1/DTD/xhtml1-transitional.dtd">
<html xmlns="http://www.w3.org/1999/xhtml" xml:lang="en" lang="en">
 <head>
  <title>
</title>
<meta http-equiv="Content-Type" content="text/html;charset=utf-8" />
  <meta name='ocr-system' content='tesseract 3.04.00' />
  <meta name='ocr-capabilities' content='ocr_page ocr_carea ocr_par ocr_line ocrx_word'/>
</head>
<body>
  <div class='ocr_page' id='page_1' title='image "./fastiquaestorum00blgoog_0008.png"; bbox 0 0 4418 5692; ppageno 0'>
   <div class='ocr_carea' id='block_1_1' title="bbox 684 896 1592 1056">
    <p class='ocr_par' dir='ltr' id='par_1_1' title="bbox 684 896 1592 1056">
     <span class='ocr_line' id='line_1_1' title="bbox 684 896 1592 1056; baseline 0 -28"><span class='ocrx_word' id='word_1_1' title='bbox 684 896 907 1033; x_wconf 70' lang='lat' dir='ltr'>frisii</span> <span class='ocrx_word' id='word_1_2' title='bbox 955 896 1592 1056; x_wconf 73' lang='lat' dir='ltr'>QUAESTORUM,</span> 
     </span>
    </p>
   </div>
   <div class='ocr_carea' id='block_1_2' title="bbox 351 1123 1922 1230">
    <p class='ocr_par' dir='ltr' id='par_1_2' title="bbox 351 1123 1922 1230">
     <span class='ocr_line' id='line_1_2' title="bbox 351 1123 1922 1230; baseline 0.001 -26"><span class='ocrx_word' id='word_1_3' title='bbox 351 1126 413 1230; x_wconf 91' lang='lat' dir='ltr'>qui</span> <span class='ocrx_word' id='word_1_4' title='bbox 444 1128 492 1205; x_wconf 92' lang='lat' dir='ltr'>ab</span> <span class='ocrx_word' id='word_1_5' title='bbox 520 1151 551 1205; x_wconf 90' lang='lat' dir='ltr'>a.</span> <span class='ocrx_word' id='word_1_6' title='bbox 571 1151 604 1205; x_wconf 92' lang='lat' dir='ltr'>u.</span> <span class='ocrx_word' id='word_1_7' title='bbox 624 1151 654 1204; x_wconf 92' lang='lat' dir='ltr'>c.</span> <span class='ocrx_word' id='word_1_8' title='bbox 682 1123 945 1206; x_wconf 87' lang='lat' dir='ltr'><strong>CCCXXXX</strong></span> <span class='ocrx_word' id='word_1_9' title='bbox 974 1127 1021 1204; x_wconf 91' lang='lat' dir='ltr'>ad</span> <span class='ocrx_word' id='word_1_10' title='bbox 1051 1151 1081 1205; x_wconf 88' lang='lat' dir='ltr'>a</span> <span class='ocrx_word' id='word_1_11' title='bbox 1101 1151 1135 1205; x_wconf 93' lang='lat' dir='ltr'>u.</span> <span class='ocrx_word' id='word_1_12' title='bbox 1154 1151 1184 1205; x_wconf 82' lang='lat' dir='ltr'>e</span> <span class='ocrx_word' id='word_1_13' title='bbox 1215 1124 1411 1206; x_wconf 81' lang='lat' dir='ltr'>DCLXXl</span> <span class='ocrx_word' id='word_1_14' title='bbox 1441 1131 1544 1204; x_wconf 89' lang='lat' dir='ltr'>extra</span> <span class='ocrx_word' id='word_1_15' title='bbox 1574 1125 1733 1209; x_wconf 86' lang='lat' dir='ltr'>Romam</span> <span class='ocrx_word' id='word_1_16' title='bbox 1762 1125 1922 1205; x_wconf 80' lang='lat' dir='ltr'>luerunt</span> 
     </span>
    </p>
   </div>
   <div class='ocr_carea' id='block_1_3' title="bbox 1033 1463 1254 1544">
    <p class='ocr_par' dir='ltr' id='par_1_3' title="bbox 1033 1463 1254 1544">
     <span class='ocr_line' id='line_1_3' title="bbox 1033 1463 1254 1544; baseline 0.005 -1"><span class='ocrx_word' id='word_1_17' title='bbox 1033 1464 1070 1544; x_wconf 90' lang='grc' dir='ltr'>Ρ.</span> <span class='ocrx_word' id='word_1_18' title='bbox 1099 1463 1254 1544; x_wconf 90' lang='lat' dir='ltr'>Sestius.</span> 
     </span>
    </p>
   </div>
   <div class='ocr_carea' id='block_1_4' title="bbox 205 1613 2071 1895">
    <p class='ocr_par' dir='ltr' id='par_1_4' title="bbox 205 1613 2071 1895">
     <span class='ocr_line' id='line_1_4' title="bbox 205 1613 2070 1696; baseline 0.003 -22"><span class='ocrx_word' id='word_1_19' title='bbox 205 1613 266 1675; x_wconf 77' lang='lat' dir='ltr'>[iv.</span> <span class='ocrx_word' id='word_1_20' title='bbox 292 1613 331 1674; x_wconf 85' lang='lat' dir='ltr'>lv</span> <span class='ocrx_word' id='word_1_21' title='bbox 357 1613 437 1688; x_wconf 87' lang='lat'>50,2</span> <span class='ocrx_word' id='word_1_22' title='bbox 456 1640 503 1694; x_wconf 89' lang='lat' dir='ltr'>sq:</span> <span class='ocrx_word' id='word_1_23' title='bbox 523 1622 710 1679; x_wconf 91' lang='lat' dir='ltr'>Cum</span> <span class='ocrx_word' id='word_1_24' title='bbox 729 1626 865 1694; x_wconf 74' lang='lat' dir='ltr'>quaestor</span> <span class='ocrx_word' id='word_1_25' title='bbox 885 1623 915 1677; x_wconf 90' lang='grc' dir='ltr'>Ρ.</span> <span class='ocrx_word' id='word_1_26' title='bbox 935 1622 1043 1679; x_wconf 90' lang='lat' dir='ltr'>Sestius</span> <span class='ocrx_word' id='word_1_27' title='bbox 1064 1624 1165 1679; x_wconf 90' lang='lat' dir='ltr'>eadem</span> <span class='ocrx_word' id='word_1_28' title='bbox 1185 1625 1319 1680; x_wconf 91' lang='lat' dir='ltr'>violentia</span> <span class='ocrx_word' id='word_1_29' title='bbox 1339 1624 1460 1680; x_wconf 83' lang='lat' dir='ltr'>coerceri</span> <span class='ocrx_word' id='word_1_30' title='bbox 1501 1627 1591 1679; x_wconf 90' lang='lat' dir='ltr'>utaret</span> <span class='ocrx_word' id='word_1_31' title='bbox 1610 1625 1780 1681; x_wconf 78' lang='lat' dir='ltr'>seditionem</span> <span class='ocrx_word' id='word_1_32' title='bbox 1801 1640 1896 1696; x_wconf 88' lang='lat' dir='ltr'>posse,</span> <span class='ocrx_word' id='word_1_33' title='bbox 1916 1641 1972 1696; x_wconf 91' lang='lat' dir='ltr'>qua</span> <span class='ocrx_word' id='word_1_34' title='bbox 1993 1629 2070 1680; x_wconf 88' lang='lat' dir='ltr'>mota</span> 
     </span>
     <span class='ocr_line' id='line_1_5' title="bbox 417 1694 2070 1766; baseline -0.001 -14"><span class='ocrx_word' id='word_1_35' title='bbox 417 1698 489 1760; x_wconf 90' lang='lat' dir='ltr'>erat,</span> <span class='ocrx_word' id='word_1_36' title='bbox 510 1696 599 1750; x_wconf 91' lang='lat' dir='ltr'>misso</span> <span class='ocrx_word' id='word_1_37' title='bbox 623 1695 659 1750; x_wconf 90' lang='lat' dir='ltr'>ad</span> <span class='ocrx_word' id='word_1_38' title='bbox 683 1694 885 1750; x_wconf 85' lang='lat' dir='ltr'>vociterantem</span> <span class='ocrx_word' id='word_1_39' title='bbox 910 1695 1055 1764; x_wconf 86' lang='lat' dir='ltr'>quendam</span> <span class='ocrx_word' id='word_1_40' title='bbox 1081 1696 1197 1751; x_wconf 90' lang='lat' dir='ltr'>militem</span> <span class='ocrx_word' id='word_1_41' title='bbox 1222 1696 1331 1762; x_wconf 89' lang='lat' dir='ltr'>lictore,</span> <span class='ocrx_word' id='word_1_42' title='bbox 1356 1712 1420 1751; x_wconf 94' lang='lat' dir='ltr'>cum</span> <span class='ocrx_word' id='word_1_43' title='bbox 1439 1697 1468 1751; x_wconf 92' lang='lat' dir='ltr'>in</span> <span class='ocrx_word' id='word_1_44' title='bbox 1491 1697 1633 1751; x_wconf 90' lang='lat' dir='ltr'>eclamor</span> <span class='ocrx_word' id='word_1_45' title='bbox 1651 1700 1679 1752; x_wconf 90' lang='lat' dir='ltr'>et</span> <span class='ocrx_word' id='word_1_46' title='bbox 1698 1696 1819 1766; x_wconf 89' lang='lat' dir='ltr'>iurgium</span> <span class='ocrx_word' id='word_1_47' title='bbox 1840 1699 1978 1764; x_wconf 90' lang='lat' dir='ltr'>oreretur,</span> <span class='ocrx_word' id='word_1_48' title='bbox 1998 1712 2070 1752; x_wconf 87' lang='lat' dir='ltr'>saxo</span> 
     </span>
     <span class='ocr_line' id='line_1_6' title="bbox 417 1766 2071 1895; baseline 0.001 -73"><span class='ocrx_word' id='word_1_49' title='bbox 417 1769 496 1894; x_wconf 49' lang='grc' dir='ltr'>1101111ιὶ51</span> <span class='ocrx_word' id='word_1_50' title='bbox 499 1768 600 1895; x_wconf 48' lang='lat' dir='ltr'>{32¹³ss</span> <span class='ocrx_word' id='word_1_51' title='bbox 603 1766 719 1894; x_wconf 48' lang='lat' dir='ltr'>ieffigit</span> <span class='ocrx_word' id='word_1_52' title='bbox 738 1768 854 1837; x_wconf 83' lang='lat' dir='ltr'>insuper</span> <span class='ocrx_word' id='word_1_53' title='bbox 873 1767 1048 1837; x_wconf 77' lang='lat' dir='ltr'>increpante,</span> <span class='ocrx_word' id='word_1_54' title='bbox 1068 1768 1116 1837; x_wconf 96' lang='lat' dir='ltr'>qui</span> <span class='ocrx_word' id='word_1_55' title='bbox 1136 1768 1345 1835; x_wconf 78' lang='lat' dir='ltr'>vulneraverat,</span> <span class='ocrx_word' id='word_1_56' title='bbox 1366 1768 1470 1823; x_wconf 84' lang='lat' dir='ltr'>trabere</span> <span class='ocrx_word' id='word_1_57' title='bbox 1491 1775 1687 1838; x_wconf 84' lang='lat' dir='ltr'>quaestorem,</span> <span class='ocrx_word' id='word_1_58' title='bbox 1713 1768 1791 1839; x_wconf 94' lang='lat' dir='ltr'>quod</span> <span class='ocrx_word' id='word_1_59' title='bbox 1817 1769 1971 1838; x_wconf 89' lang='lat' dir='ltr'>imperator</span> <span class='ocrx_word' id='word_1_60' title='bbox 1994 1771 2071 1823; x_wconf 91' lang='lat' dir='ltr'>esset</span> 
     </span>
    </p>
   </div>
   <div class='ocr_carea' id='block_1_5' title="bbox 202 1929 2071 3167">
    <p class='ocr_par' dir='ltr' id='par_1_5' title="bbox 202 1929 2070 2708">
     <span class='ocr_line' id='line_1_7' title="bbox 365 1929 2070 2010; baseline -0.001 -15"><span class='ocrx_word' id='word_1_61' title='bbox 365 1934 397 1995; x_wconf 90' lang='grc' dir='ltr'>Ρ.</span> <span class='ocrx_word' id='word_1_62' title='bbox 422 1934 536 1996; x_wconf 90' lang='lat' dir='ltr'>Sestius</span> <span class='ocrx_word' id='word_1_63' title='bbox 558 1951 583 1995; x_wconf 92' lang='lat' dir='ltr'>a.</span> <span class='ocrx_word' id='word_1_64' title='bbox 609 1934 727 1995; x_wconf 78' lang='lat'>340:</span> <span class='ocrx_word' id='word_1_65' title='bbox 742 1934 806 1993; x_wconf 99' lang='grc'>414</span> <span class='ocrx_word' id='word_1_66' title='bbox 832 1929 861 2010; x_wconf 90' lang='lat' dir='ltr'>(a</span> <span class='ocrx_word' id='word_1_67' title='bbox 886 1932 972 1993; x_wconf 93' lang='lat' dir='ltr'>l.ivio</span> <span class='ocrx_word' id='word_1_68' title='bbox 996 1949 1020 1993; x_wconf 90' lang='lat' dir='ltr'>c.</span> <span class='ocrx_word' id='word_1_69' title='bbox 1046 1934 1110 2006; x_wconf 86' lang='grc' dir='ltr'>51,ι</span> <span class='ocrx_word' id='word_1_70' title='bbox 1135 1933 1322 2009; x_wconf 90' lang='lat' dir='ltr'>insequentis</span> <span class='ocrx_word' id='word_1_71' title='bbox 1344 1933 1416 1993; x_wconf 90' lang='lat' dir='ltr'>anni</span> <span class='ocrx_word' id='word_1_72' title='bbox 1440 1931 1584 1994; x_wconf 90' lang='lat' dir='ltr'>consules</span> <span class='ocrx_word' id='word_1_73' title='bbox 1612 1934 1820 2004; x_wconf 83' lang='lat' dir='ltr'>nominantur)</span> <span class='ocrx_word' id='word_1_74' title='bbox 1846 1933 1887 1995; x_wconf 85' lang='lat' dir='ltr'>M.</span> <span class='ocrx_word' id='word_1_75' title='bbox 1909 1933 2070 1994; x_wconf 89' lang='lat' dir='ltr'>Postumio</span> 
     </span>
     <span class='ocr_line' id='line_1_8' title="bbox 203 2021 2070 2099; baseline -0.001 -15"><span class='ocrx_word' id='word_1_76' title='bbox 203 2024 328 2085; x_wconf 90' lang='lat' dir='ltr'>tribuno</span> <span class='ocrx_word' id='word_1_77' title='bbox 360 2024 489 2085; x_wconf 91' lang='lat' dir='ltr'>militum</span> <span class='ocrx_word' id='word_1_78' title='bbox 525 2023 678 2084; x_wconf 91' lang='lat' dir='ltr'>consulari</span> <span class='ocrx_word' id='word_1_79' title='bbox 714 2026 860 2099; x_wconf 88' lang='lat' dir='ltr'>potestate</span> <span class='ocrx_word' id='word_1_80' title='bbox 889 2026 1082 2098; x_wconf 87' lang='lat' dir='ltr'>quaesturam</span> <span class='ocrx_word' id='word_1_81' title='bbox 1113 2022 1212 2098; x_wconf 81' lang='lat' dir='ltr'>gessit</span> <span class='ocrx_word' id='word_1_82' title='bbox 1261 2023 1354 2082; x_wconf 82' lang='lat' dir='ltr'>llunc</span> <span class='ocrx_word' id='word_1_83' title='bbox 1385 2022 1414 2082; x_wconf 90' lang='lat' dir='ltr'>in</span> <span class='ocrx_word' id='word_1_84' title='bbox 1446 2022 1575 2096; x_wconf 91' lang='lat' dir='ltr'>bellum,</span> <span class='ocrx_word' id='word_1_85' title='bbox 1605 2021 1693 2099; x_wconf 94' lang='lat' dir='ltr'>quod</span> <span class='ocrx_word' id='word_1_86' title='bbox 1721 2024 1748 2083; x_wconf 89' lang='lat' dir='ltr'>ei</span> <span class='ocrx_word' id='word_1_87' title='bbox 1772 2021 1919 2083; x_wconf 91' lang='lat' dir='ltr'>adversus</span> <span class='ocrx_word' id='word_1_88' title='bbox 1942 2021 2070 2099; x_wconf 73' lang='lat' dir='ltr'>Aequos</span> 
     </span>
     <span class='ocr_line' id='line_1_9' title="bbox 205 2110 2069 2188; baseline 0 -15"><span class='ocrx_word' id='word_1_89' title='bbox 205 2112 381 2174; x_wconf 90' lang='lat' dir='ltr'>mandatum</span> <span class='ocrx_word' id='word_1_90' title='bbox 406 2118 479 2188; x_wconf 90' lang='lat' dir='ltr'>erat,</span> <span class='ocrx_word' id='word_1_91' title='bbox 503 2112 665 2173; x_wconf 89' lang='lat' dir='ltr'>comitatus</span> <span class='ocrx_word' id='word_1_92' title='bbox 687 2116 738 2173; x_wconf 88' lang='lat' dir='ltr'>est.</span> <span class='ocrx_word' id='word_1_93' title='bbox 778 2111 955 2172; x_wconf 85' lang='lat' dir='ltr'>Postumius</span> <span class='ocrx_word' id='word_1_94' title='bbox 978 2128 1050 2171; x_wconf 91' lang='lat' dir='ltr'>cum</span> <span class='ocrx_word' id='word_1_95' title='bbox 1074 2128 1129 2172; x_wconf 90' lang='lat' dir='ltr'>eos</span> <span class='ocrx_word' id='word_1_96' title='bbox 1151 2110 1191 2171; x_wconf 91' lang='lat' dir='ltr'>ad</span> <span class='ocrx_word' id='word_1_97' title='bbox 1212 2111 1303 2171; x_wconf 91' lang='lat' dir='ltr'>Bolas</span> <span class='ocrx_word' id='word_1_98' title='bbox 1327 2111 1492 2172; x_wconf 86' lang='lat' dir='ltr'>identidem</span> <span class='ocrx_word' id='word_1_99' title='bbox 1517 2111 1652 2186; x_wconf 89' lang='lat' dir='ltr'>ludisset,</span> <span class='ocrx_word' id='word_1_100' title='bbox 1676 2110 1830 2188; x_wconf 91' lang='lat' dir='ltr'>oppidum</span> <span class='ocrx_word' id='word_1_101' title='bbox 1856 2114 1957 2188; x_wconf 88' lang='lat' dir='ltr'>ipsum</span> <span class='ocrx_word' id='word_1_102' title='bbox 1981 2113 2069 2188; x_wconf 86' lang='lat' dir='ltr'>cepit</span> 
     </span>
     <span class='ocr_line' id='line_1_10' title="bbox 205 2199 2067 2279; baseline -0.001 -18"><span class='ocrx_word' id='word_1_103' title='bbox 205 2201 282 2263; x_wconf 83' lang='lat' dir='ltr'>Inter</span> <span class='ocrx_word' id='word_1_104' title='bbox 298 2203 563 2279; x_wconf 86' lang='lat' dir='ltr'>oppugnationem</span> <span class='ocrx_word' id='word_1_105' title='bbox 585 2199 732 2262; x_wconf 87' lang='lat' dir='ltr'>militibus</span> <span class='ocrx_word' id='word_1_106' title='bbox 745 2219 779 2261; x_wconf 93' lang='lat' dir='ltr'>se</span> <span class='ocrx_word' id='word_1_107' title='bbox 802 2199 945 2276; x_wconf 87' lang='lat' dir='ltr'>praedam</span> <span class='ocrx_word' id='word_1_108' title='bbox 969 2217 1190 2261; x_wconf 89' lang='lat' dir='ltr'>concessurum</span> <span class='ocrx_word' id='word_1_109' title='bbox 1215 2218 1281 2261; x_wconf 89' lang='lat' dir='ltr'>esse</span> <span class='ocrx_word' id='word_1_110' title='bbox 1305 2201 1406 2278; x_wconf 92' lang='lat' dir='ltr'>primo</span> <span class='ocrx_word' id='word_1_111' title='bbox 1427 2200 1581 2278; x_wconf 87' lang='lat' dir='ltr'>pollicitus</span> <span class='ocrx_word' id='word_1_112' title='bbox 1600 2205 1705 2277; x_wconf 89' lang='lat' dir='ltr'>postea</span> <span class='ocrx_word' id='word_1_113' title='bbox 1724 2199 1845 2277; x_wconf 93' lang='lat' dir='ltr'>oppido</span> <span class='ocrx_word' id='word_1_114' title='bbox 1865 2205 1954 2276; x_wconf 88' lang='lat' dir='ltr'>capto</span> <span class='ocrx_word' id='word_1_115' title='bbox 1974 2199 2067 2261; x_wconf 89' lang='lat' dir='ltr'>iidem</span> 
     </span>
     <span class='ocr_line' id='line_1_11' title="bbox 205 2287 2070 2367; baseline -0.001 -16"><span class='ocrx_word' id='word_1_116' title='bbox 205 2292 337 2351; x_wconf 89' lang='lat' dir='ltr'>mutavit.</span> <span class='ocrx_word' id='word_1_117' title='bbox 385 2290 482 2351; x_wconf 90' lang='lat' dir='ltr'>Paulo</span> <span class='ocrx_word' id='word_1_118' title='bbox 511 2294 581 2366; x_wconf 92' lang='lat' dir='ltr'>post</span> <span class='ocrx_word' id='word_1_119' title='bbox 612 2292 725 2351; x_wconf 90' lang='lat' dir='ltr'>accitus</span> <span class='ocrx_word' id='word_1_120' title='bbox 759 2291 788 2349; x_wconf 95' lang='lat' dir='ltr'>in</span> <span class='ocrx_word' id='word_1_121' title='bbox 818 2287 925 2350; x_wconf 90' lang='lat' dir='ltr'>urbem</span> <span class='ocrx_word' id='word_1_122' title='bbox 952 2289 1096 2363; x_wconf 85' lang='lat' dir='ltr'>Romam,</span> <span class='ocrx_word' id='word_1_123' title='bbox 1124 2307 1204 2366; x_wconf 91' lang='lat' dir='ltr'>quae</span> <span class='ocrx_word' id='word_1_124' title='bbox 1231 2306 1269 2350; x_wconf 93' lang='lat' dir='ltr'>eo</span> <span class='ocrx_word' id='word_1_125' title='bbox 1298 2295 1437 2367; x_wconf 91' lang='lat' dir='ltr'>tempore</span> <span class='ocrx_word' id='word_1_126' title='bbox 1465 2288 1669 2351; x_wconf 90' lang='lat' dir='ltr'>seditionibus</span> <span class='ocrx_word' id='word_1_127' title='bbox 1696 2289 1866 2351; x_wconf 86' lang='lat' dir='ltr'>tribuniciis</span> <span class='ocrx_word' id='word_1_128' title='bbox 1893 2288 2070 2365; x_wconf 84' lang='lat' dir='ltr'>agitabatur,</span> 
     </span>
     <span class='ocr_line' id='line_1_12' title="bbox 204 2378 2069 2456; baseline 0 -16"><span class='ocrx_word' id='word_1_129' title='bbox 204 2381 329 2442; x_wconf 89' lang='lat' dir='ltr'>revertit.</span> <span class='ocrx_word' id='word_1_130' title='bbox 375 2379 455 2440; x_wconf 86' lang='lat' dir='ltr'>Tum</span> <span class='ocrx_word' id='word_1_131' title='bbox 481 2380 589 2440; x_wconf 88' lang='lat' dir='ltr'>milites</span> <span class='ocrx_word' id='word_1_132' title='bbox 614 2380 738 2456; x_wconf 90' lang='lat' dir='ltr'>insuper</span> <span class='ocrx_word' id='word_1_133' title='bbox 761 2395 849 2439; x_wconf 89' lang='lat' dir='ltr'>saeva</span> <span class='ocrx_word' id='word_1_134' title='bbox 871 2383 964 2455; x_wconf 92' lang='lat' dir='ltr'>atque</span> <span class='ocrx_word' id='word_1_135' title='bbox 987 2378 1155 2439; x_wconf 86' lang='lat' dir='ltr'>inhumana</span> <span class='ocrx_word' id='word_1_136' title='bbox 1183 2381 1249 2439; x_wconf 89' lang='lat' dir='ltr'>eius</span> <span class='ocrx_word' id='word_1_137' title='bbox 1273 2395 1350 2439; x_wconf 89' lang='lat' dir='ltr'>voce</span> <span class='ocrx_word' id='word_1_138' title='bbox 1371 2379 1474 2439; x_wconf 89' lang='lat' dir='ltr'>audita</span> <span class='ocrx_word' id='word_1_139' title='bbox 1499 2379 1528 2438; x_wconf 90' lang='lat' dir='ltr'>in</span> <span class='ocrx_word' id='word_1_140' title='bbox 1553 2380 1656 2439; x_wconf 90' lang='lat' dir='ltr'>castris</span> <span class='ocrx_word' id='word_1_141' title='bbox 1679 2384 1784 2440; x_wconf 90' lang='lat' dir='ltr'>contra</span> <span class='ocrx_word' id='word_1_142' title='bbox 1808 2396 1879 2438; x_wconf 94' lang='lat' dir='ltr'>eum</span> <span class='ocrx_word' id='word_1_143' title='bbox 1902 2378 2069 2440; x_wconf 91' lang='lat' dir='ltr'>tumultum</span> 
     </span>
     <span class='ocr_line' id='line_1_13' title="bbox 203 2467 2069 2544; baseline -0.001 -15"><span class='ocrx_word' id='word_1_144' title='bbox 203 2471 438 2530; x_wconf 87' lang='lat' dir='ltr'>concitaverunt</span> <span class='ocrx_word' id='word_1_145' title='bbox 463 2468 567 2540; x_wconf 89' lang='lat' dir='ltr'>Quem</span> <span class='ocrx_word' id='word_1_146' title='bbox 594 2467 625 2529; x_wconf 92' lang='grc' dir='ltr'>Ρ.</span> <span class='ocrx_word' id='word_1_147' title='bbox 651 2467 773 2540; x_wconf 91' lang='lat' dir='ltr'>Sestius,</span> <span class='ocrx_word' id='word_1_148' title='bbox 797 2467 850 2544; x_wconf 93' lang='lat' dir='ltr'>qui</span> <span class='ocrx_word' id='word_1_149' title='bbox 874 2467 1035 2528; x_wconf 91' lang='lat' dir='ltr'>atribuno</span> <span class='ocrx_word' id='word_1_150' title='bbox 1055 2468 1175 2528; x_wconf 92' lang='lat' dir='ltr'>relictus</span> <span class='ocrx_word' id='word_1_151' title='bbox 1193 2474 1262 2543; x_wconf 86' lang='lat' dir='ltr'>erat,</span> <span class='ocrx_word' id='word_1_152' title='bbox 1287 2473 1327 2540; x_wconf 92' lang='lat' dir='ltr'>ut,</span> <span class='ocrx_word' id='word_1_153' title='bbox 1351 2467 1426 2527; x_wconf 93' lang='lat' dir='ltr'>dum</span> <span class='ocrx_word' id='word_1_154' title='bbox 1445 2468 1510 2544; x_wconf 91' lang='lat' dir='ltr'>ipse</span> <span class='ocrx_word' id='word_1_155' title='bbox 1526 2472 1727 2542; x_wconf 88' lang='lat' dir='ltr'>reverteretur,</span> <span class='ocrx_word' id='word_1_156' title='bbox 1751 2468 1892 2528; x_wconf 87' lang='lat' dir='ltr'>exercitui</span> <span class='ocrx_word' id='word_1_157' title='bbox 1911 2472 2069 2543; x_wconf 75' lang='lat' dir='ltr'>praeesset,</span> 
     </span>
     <span class='ocr_line' id='line_1_14' title="bbox 202 2553 2069 2639; baseline 0 -21"><span class='ocrx_word' id='word_1_158' title='bbox 202 2556 362 2619; x_wconf 86' lang='lat' dir='ltr'>acerbitate</span> <span class='ocrx_word' id='word_1_159' title='bbox 384 2556 481 2618; x_wconf 90' lang='lat' dir='ltr'>sedari</span> <span class='ocrx_word' id='word_1_160' title='bbox 506 2574 598 2635; x_wconf 84' lang='lat' dir='ltr'>posse</span> <span class='ocrx_word' id='word_1_161' title='bbox 621 2562 702 2618; x_wconf 91' lang='lat' dir='ltr'>ratus</span> <span class='ocrx_word' id='word_1_162' title='bbox 726 2558 802 2618; x_wconf 90' lang='lat' dir='ltr'>inter</span> <span class='ocrx_word' id='word_1_163' title='bbox 824 2556 989 2617; x_wconf 91' lang='lat' dir='ltr'>clamorem</span> <span class='ocrx_word' id='word_1_164' title='bbox 1021 2555 1150 2617; x_wconf 92' lang='lat' dir='ltr'>militum</span> <span class='ocrx_word' id='word_1_165' title='bbox 1175 2574 1249 2617; x_wconf 88' lang='lat' dir='ltr'>saxo</span> <span class='ocrx_word' id='word_1_166' title='bbox 1274 2557 1350 2617; x_wconf 88' lang='lat' dir='ltr'>ictus</span> <span class='ocrx_word' id='word_1_167' title='bbox 1373 2563 1429 2630; x_wconf 88' lang='lat' dir='ltr'>est,</span> <span class='ocrx_word' id='word_1_168' title='bbox 1460 2562 1492 2618; x_wconf 92' lang='lat' dir='ltr'>ut</span> <span class='ocrx_word' id='word_1_169' title='bbox 1515 2556 1603 2618; x_wconf 79' lang='lat' dir='ltr'>refert</span> <span class='ocrx_word' id='word_1_170' title='bbox 1627 2557 1743 2629; x_wconf 80' lang='lat' dir='ltr'>livius3</span> <span class='ocrx_word' id='word_1_171' title='bbox 1768 2557 1904 2617; x_wconf 84' lang='lat' dir='ltr'>Zonaras</span> <span class='ocrx_word' id='word_1_172' title='bbox 1928 2553 2069 2639; x_wconf 81' lang='grc'>(111119)</span> 
     </span>
     <span class='ocr_line' id='line_1_15' title="bbox 203 2647 478 2708; baseline 0.004 -3"><span class='ocrx_word' id='word_1_173' title='bbox 203 2648 341 2708; x_wconf 91' lang='lat' dir='ltr'>occisum</span> <span class='ocrx_word' id='word_1_174' title='bbox 366 2647 478 2707; x_wconf 92' lang='lat' dir='ltr'>scribit.</span> 
     </span>
    </p>

    <p class='ocr_par' dir='ltr' id='par_1_6' title="bbox 202 2733 2071 3167">
     <span class='ocr_line' id='line_1_16' title="bbox 365 2733 2071 2813; baseline 0.001 -18"><span class='ocrx_word' id='word_1_175' title='bbox 365 2735 493 2811; x_wconf 84' lang='lat' dir='ltr'>Pighius</span> <span class='ocrx_word' id='word_1_176' title='bbox 524 2740 662 2796; x_wconf 90' lang='lat' dir='ltr'>nostrum</span> <span class='ocrx_word' id='word_1_177' title='bbox 696 2735 728 2797; x_wconf 94' lang='lat' dir='ltr'>P.</span> <span class='ocrx_word' id='word_1_178' title='bbox 758 2735 776 2795; x_wconf 92' lang='lat' dir='ltr'>l.</span> <span class='ocrx_word' id='word_1_179' title='bbox 807 2735 839 2796; x_wconf 92' lang='lat' dir='ltr'>P.</span> <span class='ocrx_word' id='word_1_180' title='bbox 864 2753 893 2795; x_wconf 92' lang='lat' dir='ltr'>n.</span> <span class='ocrx_word' id='word_1_181' title='bbox 924 2735 1135 2813; x_wconf 89' lang='lat' dir='ltr'>Capitolinum</span> <span class='ocrx_word' id='word_1_182' title='bbox 1166 2752 1225 2796; x_wconf 93' lang='lat' dir='ltr'>suo</span> <span class='ocrx_word' id='word_1_183' title='bbox 1257 2736 1321 2796; x_wconf 91' lang='lat' dir='ltr'>iure</span> <span class='ocrx_word' id='word_1_184' title='bbox 1351 2735 1428 2797; x_wconf 88' lang='lat' dir='ltr'>tecit.</span> <span class='ocrx_word' id='word_1_185' title='bbox 1482 2735 1542 2797; x_wconf 86' lang='lat' dir='ltr'>Sed</span> <span class='ocrx_word' id='word_1_186' title='bbox 1573 2736 1764 2812; x_wconf 91' lang='lat' dir='ltr'>cognomina</span> <span class='ocrx_word' id='word_1_187' title='bbox 1794 2733 1921 2795; x_wconf 89' lang='lat' dir='ltr'>demum</span> <span class='ocrx_word' id='word_1_188' title='bbox 1953 2734 2025 2796; x_wconf 90' lang='lat' dir='ltr'>inde</span> <span class='ocrx_word' id='word_1_189' title='bbox 2053 2752 2071 2796; x_wconf 93' lang='lat' dir='ltr'>a</span> 
     </span>
     <span class='ocr_line' id='line_1_17' title="bbox 204 2821 2071 2901; baseline 0.001 -17"><span class='ocrx_word' id='word_1_190' title='bbox 204 2824 395 2901; x_wconf 89' lang='lat' dir='ltr'>temporibus</span> <span class='ocrx_word' id='word_1_191' title='bbox 419 2823 551 2885; x_wconf 90' lang='lat' dir='ltr'>Sullanis</span> <span class='ocrx_word' id='word_1_192' title='bbox 575 2824 697 2900; x_wconf 92' lang='lat' dir='ltr'>publice</span> <span class='ocrx_word' id='word_1_193' title='bbox 722 2828 864 2901; x_wconf 88' lang='lat' dir='ltr'>usurpata</span> <span class='ocrx_word' id='word_1_194' title='bbox 887 2841 952 2885; x_wconf 87' lang='lat' dir='ltr'>esse</span> <span class='ocrx_word' id='word_1_195' title='bbox 975 2829 1101 2884; x_wconf 90' lang='lat' dir='ltr'>constat.</span> <span class='ocrx_word' id='word_1_196' title='bbox 1140 2824 1230 2895; x_wconf 88' lang='lat' dir='ltr'>Quae</span> <span class='ocrx_word' id='word_1_197' title='bbox 1255 2824 1283 2884; x_wconf 93' lang='lat' dir='ltr'>in</span> <span class='ocrx_word' id='word_1_198' title='bbox 1311 2824 1404 2885; x_wconf 79' lang='lat' dir='ltr'>Fastis</span> <span class='ocrx_word' id='word_1_199' title='bbox 1427 2824 1610 2901; x_wconf 87' lang='lat' dir='ltr'>Capitolinis</span> <span class='ocrx_word' id='word_1_200' title='bbox 1635 2825 1693 2884; x_wconf 90' lang='lat' dir='ltr'>iam</span> <span class='ocrx_word' id='word_1_201' title='bbox 1716 2840 1734 2884; x_wconf 91' lang='lat' dir='ltr'>a</span> <span class='ocrx_word' id='word_1_202' title='bbox 1760 2823 1937 2900; x_wconf 91' lang='lat' dir='ltr'>primordiis</span> <span class='ocrx_word' id='word_1_203' title='bbox 1960 2821 2071 2885; x_wconf 90' lang='lat' dir='ltr'>liberae</span> 
     </span>
     <span class='ocr_line' id='line_1_18' title="bbox 203 2911 2070 2990; baseline -0.001 -16"><span class='ocrx_word' id='word_1_204' title='bbox 203 2914 244 2974; x_wconf 89' lang='lat' dir='ltr'>rei</span> <span class='ocrx_word' id='word_1_205' title='bbox 269 2913 410 2990; x_wconf 88' lang='lat' dir='ltr'>publicae</span> <span class='ocrx_word' id='word_1_206' title='bbox 438 2914 588 2989; x_wconf 88' lang='lat' dir='ltr'>leguntur,</span> <span class='ocrx_word' id='word_1_207' title='bbox 613 2917 718 2989; x_wconf 91' lang='lat' dir='ltr'>postea</span> <span class='ocrx_word' id='word_1_208' title='bbox 741 2912 810 2973; x_wconf 90' lang='lat' dir='ltr'>licta</span> <span class='ocrx_word' id='word_1_209' title='bbox 832 2913 1035 2990; x_wconf 90' lang='lat' dir='ltr'>appositaque</span> <span class='ocrx_word' id='word_1_210' title='bbox 1058 2930 1125 2973; x_wconf 88' lang='lat' dir='ltr'>esse</span> <span class='ocrx_word' id='word_1_211' title='bbox 1148 2912 1296 2974; x_wconf 93' lang='lat' dir='ltr'>videntur.</span> <span class='ocrx_word' id='word_1_212' title='bbox 1344 2914 1409 2975; x_wconf 89' lang='lat' dir='ltr'>Nec</span> <span class='ocrx_word' id='word_1_213' title='bbox 1433 2914 1544 2990; x_wconf 90' lang='lat' dir='ltr'>magis,</span> <span class='ocrx_word' id='word_1_214' title='bbox 1572 2930 1653 2990; x_wconf 91' lang='lat' dir='ltr'>quae</span> <span class='ocrx_word' id='word_1_215' title='bbox 1677 2914 1706 2973; x_wconf 90' lang='lat' dir='ltr'>in</span> <span class='ocrx_word' id='word_1_216' title='bbox 1731 2913 1774 2974; x_wconf 92' lang='lat' dir='ltr'>eis</span> <span class='ocrx_word' id='word_1_217' title='bbox 1797 2912 1837 2973; x_wconf 89' lang='lat' dir='ltr'>de</span> <span class='ocrx_word' id='word_1_218' title='bbox 1860 2911 2070 2974; x_wconf 90' lang='lat' dir='ltr'>stemmatibus</span> 
     </span>
     <span class='ocr_line' id='line_1_19' title="bbox 202 3000 2071 3080; baseline 0.001 -17"><span class='ocrx_word' id='word_1_219' title='bbox 202 3001 369 3079; x_wconf 90' lang='lat' dir='ltr'>gentilibus</span> <span class='ocrx_word' id='word_1_220' title='bbox 393 3002 558 3075; x_wconf 90' lang='lat' dir='ltr'>traduntur,</span> <span class='ocrx_word' id='word_1_221' title='bbox 582 3001 750 3076; x_wconf 87' lang='lat' dir='ltr'>credimus;</span> <span class='ocrx_word' id='word_1_222' title='bbox 774 3019 876 3078; x_wconf 91' lang='lat' dir='ltr'>neque</span> <span class='ocrx_word' id='word_1_223' title='bbox 898 3003 990 3075; x_wconf 91' lang='lat' dir='ltr'>enim,</span> <span class='ocrx_word' id='word_1_224' title='bbox 1014 3000 1101 3078; x_wconf 94' lang='lat' dir='ltr'>quod</span> <span class='ocrx_word' id='word_1_225' title='bbox 1125 3001 1163 3062; x_wconf 92' lang='lat' dir='ltr'>ad</span> <span class='ocrx_word' id='word_1_226' title='bbox 1184 3003 1283 3080; x_wconf 91' lang='lat' dir='ltr'>prima</span> <span class='ocrx_word' id='word_1_227' title='bbox 1302 3002 1428 3080; x_wconf 90' lang='lat' dir='ltr'>quidem</span> <span class='ocrx_word' id='word_1_228' title='bbox 1447 3002 1486 3063; x_wconf 91' lang='lat' dir='ltr'>ab</span> <span class='ocrx_word' id='word_1_229' title='bbox 1504 3021 1533 3065; x_wconf 88' lang='lat' dir='ltr'>u.</span> <span class='ocrx_word' id='word_1_230' title='bbox 1549 3021 1574 3064; x_wconf 92' lang='lat' dir='ltr'>c.</span> <span class='ocrx_word' id='word_1_231' title='bbox 1593 3005 1714 3064; x_wconf 87' lang='lat' dir='ltr'>saecula</span> <span class='ocrx_word' id='word_1_232' title='bbox 1729 3002 1839 3076; x_wconf 85' lang='lat' dir='ltr'>attinet,</span> <span class='ocrx_word' id='word_1_233' title='bbox 1859 3001 1951 3063; x_wconf 91' lang='lat' dir='ltr'>ullius</span> <span class='ocrx_word' id='word_1_234' title='bbox 1970 3002 2071 3079; x_wconf 87' lang='lat' dir='ltr'>gentis</span> 
     </span>
     <span class='ocr_line' id='line_1_20' title="bbox 203 3090 1024 3167; baseline 0.001 -16"><span class='ocrx_word' id='word_1_235' title='bbox 203 3091 354 3167; x_wconf 86' lang='lat' dir='ltr'>originem</span> <span class='ocrx_word' id='word_1_236' title='bbox 378 3091 417 3151; x_wconf 90' lang='lat' dir='ltr'>ad</span> <span class='ocrx_word' id='word_1_237' title='bbox 441 3108 532 3151; x_wconf 92' lang='lat' dir='ltr'>avum</span> <span class='ocrx_word' id='word_1_238' title='bbox 556 3095 649 3167; x_wconf 90' lang='lat' dir='ltr'>atque</span> <span class='ocrx_word' id='word_1_239' title='bbox 671 3096 791 3153; x_wconf 88' lang='lat' dir='ltr'>atavum</span> <span class='ocrx_word' id='word_1_240' title='bbox 816 3090 925 3151; x_wconf 89' lang='lat' dir='ltr'>reterre</span> <span class='ocrx_word' id='word_1_241' title='bbox 949 3090 1024 3152; x_wconf 93' lang='lat' dir='ltr'>licet.</span> 
     </span>
    </p>
   </div>
   <div class='ocr_carea' id='block_1_6' title="bbox 934 3319 1339 3423">
    <p class='ocr_par' dir='ltr' id='par_1_7' title="bbox 934 3319 1339 3423">
     <span class='ocr_line' id='line_1_21' title="bbox 934 3319 1339 3423; baseline 0 -23"><span class='ocrx_word' id='word_1_242' title='bbox 934 3320 970 3400; x_wconf 72' lang='lat'>1.</span> <span class='ocrx_word' id='word_1_243' title='bbox 998 3319 1178 3423; x_wconf 88' lang='lat' dir='ltr'>Opimius</span> <span class='ocrx_word' id='word_1_244' title='bbox 1209 3319 1339 3400; x_wconf 89' lang='lat' dir='ltr'>Pansa.</span> 
     </span>
    </p>
   </div>
   <div class='ocr_carea' id='block_1_7' title="bbox 205 3466 1855 3550">
    <p class='ocr_par' dir='ltr' id='par_1_8' title="bbox 205 3466 1855 3550">
     <span class='ocr_line' id='line_1_22' title="bbox 205 3466 1855 3550; baseline 0.004 -18"><span class='ocrx_word' id='word_1_245' title='bbox 205 3467 266 3528; x_wconf 72' lang='lat' dir='ltr'>[iv.</span> <span class='ocrx_word' id='word_1_246' title='bbox 291 3466 316 3527; x_wconf 87' lang='grc' dir='ltr'>Χ</span> <span class='ocrx_word' id='word_1_247' title='bbox 343 3467 394 3539; x_wconf 82' lang='lat'>32,</span> <span class='ocrx_word' id='word_1_248' title='bbox 415 3481 445 3534; x_wconf 78' lang='lat'>9:</span> <span class='ocrx_word' id='word_1_249' title='bbox 483 3479 607 3550; x_wconf 91' lang='lat' dir='ltr'>Captum</span> <span class='ocrx_word' id='word_1_250' title='bbox 628 3480 832 3549; x_wconf 92' lang='lat' dir='ltr'>quaestorium,</span> <span class='ocrx_word' id='word_1_251' title='bbox 852 3482 1046 3549; x_wconf 89' lang='lat' dir='ltr'>quaestorque</span> <span class='ocrx_word' id='word_1_252' title='bbox 1067 3479 1104 3534; x_wconf 92' lang='lat' dir='ltr'>ibi</span> <span class='ocrx_word' id='word_1_253' title='bbox 1126 3478 1153 3533; x_wconf 84' lang='lat' dir='ltr'>l..</span> <span class='ocrx_word' id='word_1_254' title='bbox 1172 3477 1306 3549; x_wconf 89' lang='lat' dir='ltr'>Opimius</span> <span class='ocrx_word' id='word_1_255' title='bbox 1327 3479 1419 3534; x_wconf 86' lang='lat' dir='ltr'>Pansa</span> <span class='ocrx_word' id='word_1_256' title='bbox 1440 3480 1559 3535; x_wconf 89' lang='lat' dir='ltr'>occisus.</span> <span class='ocrx_word' id='word_1_257' title='bbox 1580 3512 1612 3519; x_wconf 89' lang='lat'><em>-</em></span> <span class='ocrx_word' id='word_1_258' title='bbox 1633 3480 1677 3535; x_wconf 90' lang='lat' dir='ltr'>Ct.</span> <span class='ocrx_word' id='word_1_259' title='bbox 1697 3480 1764 3535; x_wconf 91' lang='lat' dir='ltr'>ibid.</span> <span class='ocrx_word' id='word_1_260' title='bbox 1783 3481 1855 3545; x_wconf 66' lang='lat' dir='ltr'>aaa.</span> 
     </span>
    </p>
   </div>
   <div class='ocr_carea' id='block_1_8' title="bbox 202 3570 2070 4081">
    <p class='ocr_par' dir='ltr' id='par_1_9' title="bbox 202 3570 2070 4081">
     <span class='ocr_line' id='line_1_23' title="bbox 365 3570 2069 3650; baseline -0.001 -16"><span class='ocrx_word' id='word_1_261' title='bbox 365 3573 531 3650; x_wconf 89' lang='lat' dir='ltr'>Postquam</span> <span class='ocrx_word' id='word_1_262' title='bbox 556 3591 573 3634; x_wconf 91' lang='lat' dir='ltr'>a</span> <span class='ocrx_word' id='word_1_263' title='bbox 594 3575 741 3639; x_wconf 90' lang='lat' dir='ltr'>Romanis</span> <span class='ocrx_word' id='word_1_264' title='bbox 763 3572 910 3634; x_wconf 89' lang='lat' dir='ltr'>adversus</span> <span class='ocrx_word' id='word_1_265' title='bbox 928 3573 1078 3635; x_wconf 89' lang='lat' dir='ltr'>Samnites</span> <span class='ocrx_word' id='word_1_266' title='bbox 1100 3591 1125 3634; x_wconf 90' lang='lat' dir='ltr'>a.</span> <span class='ocrx_word' id='word_1_267' title='bbox 1146 3574 1210 3634; x_wconf 82' lang='grc'>459</span> <span class='ocrx_word' id='word_1_268' title='bbox 1224 3601 1265 3623; x_wconf 83' lang='grc'>--</span> <span class='ocrx_word' id='word_1_269' title='bbox 1280 3574 1343 3634; x_wconf 83' lang='lat'>295</span> <span class='ocrx_word' id='word_1_270' title='bbox 1365 3574 1394 3633; x_wconf 90' lang='lat' dir='ltr'>in</span> <span class='ocrx_word' id='word_1_271' title='bbox 1414 3590 1490 3650; x_wconf 90' lang='lat' dir='ltr'>agro</span> <span class='ocrx_word' id='word_1_272' title='bbox 1511 3572 1653 3634; x_wconf 87' lang='lat' dir='ltr'>Sentinati</span> <span class='ocrx_word' id='word_1_273' title='bbox 1674 3573 1857 3634; x_wconf 90' lang='lat' dir='ltr'>decertatum</span> <span class='ocrx_word' id='word_1_274' title='bbox 1877 3575 1929 3647; x_wconf 76' lang='lat' dir='ltr'>est</span> <span class='ocrx_word' id='word_1_275' title='bbox 1951 3589 1978 3633; x_wconf 87' lang='lat' dir='ltr'>a</span> <span class='ocrx_word' id='word_1_276' title='bbox 1997 3570 2069 3633; x_wconf 94' lang='lat' dir='ltr'>sub·</span> 
     </span>
     <span class='ocr_line' id='line_1_24' title="bbox 203 3661 2069 3740; baseline -0.001 -16"><span class='ocrx_word' id='word_1_277' title='bbox 203 3665 340 3740; x_wconf 90' lang='lat' dir='ltr'>sequenti</span> <span class='ocrx_word' id='word_1_278' title='bbox 367 3663 409 3724; x_wconf 91' lang='grc' dir='ltr'>Μ.</span> <span class='ocrx_word' id='word_1_279' title='bbox 434 3664 544 3724; x_wconf 75' lang='lat' dir='ltr'>titilius</span> <span class='ocrx_word' id='word_1_280' title='bbox 564 3663 700 3738; x_wconf 78' lang='lat' dir='ltr'>Regulus</span> <span class='ocrx_word' id='word_1_281' title='bbox 724 3662 833 3724; x_wconf 90' lang='lat' dir='ltr'>consul</span> <span class='ocrx_word' id='word_1_282' title='bbox 845 3662 868 3740; x_wconf 89' lang='lat'>¹)</span> <span class='ocrx_word' id='word_1_283' title='bbox 891 3680 962 3723; x_wconf 92' lang='lat' dir='ltr'>cum</span> <span class='ocrx_word' id='word_1_284' title='bbox 987 3665 1118 3724; x_wconf 84' lang='lat' dir='ltr'>exercitu</span> <span class='ocrx_word' id='word_1_285' title='bbox 1145 3665 1174 3723; x_wconf 92' lang='lat' dir='ltr'>in</span> <span class='ocrx_word' id='word_1_286' title='bbox 1195 3662 1365 3737; x_wconf 90' lang='lat' dir='ltr'>Samnium,</span> <span class='ocrx_word' id='word_1_287' title='bbox 1389 3679 1468 3738; x_wconf 92' lang='lat' dir='ltr'>quae</span> <span class='ocrx_word' id='word_1_288' title='bbox 1491 3664 1517 3723; x_wconf 93' lang='lat' dir='ltr'>ei</span> <span class='ocrx_word' id='word_1_289' title='bbox 1543 3663 1700 3740; x_wconf 90' lang='lat' dir='ltr'>provincia</span> <span class='ocrx_word' id='word_1_290' title='bbox 1720 3662 1838 3723; x_wconf 91' lang='lat' dir='ltr'>decreta</span> <span class='ocrx_word' id='word_1_291' title='bbox 1861 3666 1930 3735; x_wconf 88' lang='lat' dir='ltr'>erat,</span> <span class='ocrx_word' id='word_1_292' title='bbox 1955 3661 2069 3723; x_wconf 86' lang='lat' dir='ltr'>invasit</span> 
     </span>
     <span class='ocr_line' id='line_1_25' title="bbox 204 3748 2067 3829; baseline -0.003 -14"><span class='ocrx_word' id='word_1_293' title='bbox 204 3753 264 3815; x_wconf 92' lang='lat' dir='ltr'>Ubi</span> <span class='ocrx_word' id='word_1_294' title='bbox 282 3753 433 3815; x_wconf 91' lang='lat' dir='ltr'>Samnites</span> <span class='ocrx_word' id='word_1_295' title='bbox 456 3751 560 3812; x_wconf 93' lang='lat' dir='ltr'>subito</span> <span class='ocrx_word' id='word_1_296' title='bbox 585 3755 733 3829; x_wconf 89' lang='lat' dir='ltr'>impetum</span> <span class='ocrx_word' id='word_1_297' title='bbox 760 3753 788 3811; x_wconf 92' lang='lat' dir='ltr'>in</span> <span class='ocrx_word' id='word_1_298' title='bbox 814 3757 907 3813; x_wconf 84' lang='lat' dir='ltr'>castra</span> <span class='ocrx_word' id='word_1_299' title='bbox 925 3752 1062 3816; x_wconf 90' lang='lat' dir='ltr'>Romana</span> <span class='ocrx_word' id='word_1_300' title='bbox 1086 3751 1184 3812; x_wconf 90' lang='lat' dir='ltr'>tacere</span> <span class='ocrx_word' id='word_1_301' title='bbox 1207 3753 1271 3812; x_wconf 92' lang='lat' dir='ltr'>ausi</span> <span class='ocrx_word' id='word_1_302' title='bbox 1295 3770 1313 3811; x_wconf 91' lang='lat' dir='ltr'>a</span> <span class='ocrx_word' id='word_1_303' title='bbox 1336 3756 1423 3829; x_wconf 92' lang='lat' dir='ltr'>tergo</span> <span class='ocrx_word' id='word_1_304' title='bbox 1448 3757 1534 3829; x_wconf 88' lang='lat' dir='ltr'>porta</span> <span class='ocrx_word' id='word_1_305' title='bbox 1558 3751 1737 3826; x_wconf 89' lang='lat' dir='ltr'>decumana,</span> <span class='ocrx_word' id='word_1_306' title='bbox 1761 3769 1840 3828; x_wconf 89' lang='lat' dir='ltr'>quae</span> <span class='ocrx_word' id='word_1_307' title='bbox 1859 3749 1942 3812; x_wconf 88' lang='lat' dir='ltr'>baud</span> <span class='ocrx_word' id='word_1_308' title='bbox 1959 3748 2067 3828; x_wconf 89' lang='lat' dir='ltr'>procul</span> 
     </span>
     <span class='ocr_line' id='line_1_26' title="bbox 202 3839 2070 3919; baseline -0.001 -17"><span class='ocrx_word' id='word_1_309' title='bbox 202 3861 219 3902; x_wconf 90' lang='lat' dir='ltr'>a</span> <span class='ocrx_word' id='word_1_310' title='bbox 243 3842 418 3918; x_wconf 91' lang='lat' dir='ltr'>quaestorio</span> <span class='ocrx_word' id='word_1_311' title='bbox 441 3841 556 3916; x_wconf 91' lang='lat' dir='ltr'>aberat,</span> <span class='ocrx_word' id='word_1_312' title='bbox 581 3841 766 3917; x_wconf 92' lang='lat' dir='ltr'>irruperunt,</span> <span class='ocrx_word' id='word_1_313' title='bbox 794 3858 835 3902; x_wconf 92' lang='lat' dir='ltr'>sc.</span> <span class='ocrx_word' id='word_1_314' title='bbox 859 3859 914 3919; x_wconf 90' lang='lat' dir='ltr'>spe</span> <span class='ocrx_word' id='word_1_315' title='bbox 936 3840 1059 3903; x_wconf 89' lang='lat' dir='ltr'>adducti</span> <span class='ocrx_word' id='word_1_316' title='bbox 1084 3841 1164 3915; x_wconf 89' lang='lat' dir='ltr'>tore,</span> <span class='ocrx_word' id='word_1_317' title='bbox 1193 3845 1226 3901; x_wconf 90' lang='lat' dir='ltr'>ut</span> <span class='ocrx_word' id='word_1_318' title='bbox 1254 3842 1383 3918; x_wconf 91' lang='lat' dir='ltr'>pecunia</span> <span class='ocrx_word' id='word_1_319' title='bbox 1412 3842 1528 3902; x_wconf 91' lang='lat' dir='ltr'>militari</span> <span class='ocrx_word' id='word_1_320' title='bbox 1559 3840 1745 3917; x_wconf 88' lang='lat' dir='ltr'>praedaque,</span> <span class='ocrx_word' id='word_1_321' title='bbox 1774 3858 1854 3917; x_wconf 92' lang='lat' dir='ltr'>quae</span> <span class='ocrx_word' id='word_1_322' title='bbox 1881 3858 1898 3900; x_wconf 92' lang='lat' dir='ltr'>a</span> <span class='ocrx_word' id='word_1_323' title='bbox 1923 3839 2070 3904; x_wconf 90' lang='lat' dir='ltr'>Romanis</span> 
     </span>
     <span class='ocr_line' id='line_1_27' title="bbox 204 3929 2065 4009; baseline -0.001 -19"><span class='ocrx_word' id='word_1_324' title='bbox 204 3933 233 3990; x_wconf 92' lang='lat' dir='ltr'>in</span> <span class='ocrx_word' id='word_1_325' title='bbox 268 3949 307 3992; x_wconf 92' lang='lat' dir='ltr'>eo</span> <span class='ocrx_word' id='word_1_326' title='bbox 340 3932 449 4009; x_wconf 88' lang='lat' dir='ltr'>seponi</span> <span class='ocrx_word' id='word_1_327' title='bbox 484 3935 696 4004; x_wconf 89' lang='lat' dir='ltr'>consueverat,</span> <span class='ocrx_word' id='word_1_328' title='bbox 730 3931 906 4006; x_wconf 91' lang='lat' dir='ltr'>potirentur.</span> <span class='ocrx_word' id='word_1_329' title='bbox 962 3930 1181 4002; x_wconf 89' lang='lat' dir='ltr'>Quaestorium</span> <span class='ocrx_word' id='word_1_330' title='bbox 1217 3935 1363 4007; x_wconf 90' lang='lat' dir='ltr'>ceperunt</span> <span class='ocrx_word' id='word_1_331' title='bbox 1398 3929 1503 4006; x_wconf 91' lang='lat' dir='ltr'>ibique</span> <span class='ocrx_word' id='word_1_332' title='bbox 1537 3930 1666 3991; x_wconf 90' lang='lat' dir='ltr'>Pansam</span> <span class='ocrx_word' id='word_1_333' title='bbox 1702 3929 1840 3991; x_wconf 92' lang='lat' dir='ltr'>consulis</span> <span class='ocrx_word' id='word_1_334' title='bbox 1872 3933 2065 4005; x_wconf 91' lang='lat' dir='ltr'>quaestorem</span> 
     </span>
     <span class='ocr_line' id='line_1_28' title="bbox 205 4020 423 4081; baseline 0.018 -4"><span class='ocrx_word' id='word_1_335' title='bbox 205 4020 423 4081; x_wconf 86' lang='lat' dir='ltr'>interfecerunt.</span> 
     </span>
    </p>
   </div>
   <div class='ocr_carea' id='block_1_9' title="bbox 1023 4210 1256 4292">
    <p class='ocr_par' dir='ltr' id='par_1_10' title="bbox 1023 4210 1256 4292">
     <span class='ocr_line' id='line_1_29' title="bbox 1023 4210 1256 4292; baseline -0.009 0"><span class='ocrx_word' id='word_1_336' title='bbox 1023 4210 1068 4292; x_wconf 87' lang='lat' dir='ltr'>C.</span> <span class='ocrx_word' id='word_1_337' title='bbox 1098 4212 1256 4292; x_wconf 82' lang='lat' dir='ltr'>Fulvius.</span> 
     </span>
    </p>
   </div>
   <div class='ocr_carea' id='block_1_10' title="bbox 205 4357 2070 4586">
    <p class='ocr_par' dir='ltr' id='par_1_11' title="bbox 205 4357 2070 4586">
     <span class='ocr_line' id='line_1_30' title="bbox 205 4357 2070 4444; baseline -0.003 -13"><span class='ocrx_word' id='word_1_338' title='bbox 205 4358 265 4418; x_wconf 66' lang='grc' dir='ltr'>Ην·</span> <span class='ocrx_word' id='word_1_339' title='bbox 290 4357 358 4418; x_wconf 65' lang='lat' dir='ltr'>XX!</span> <span class='ocrx_word' id='word_1_340' title='bbox 385 4359 492 4431; x_wconf 70' lang='lat'>50,10;</span> <span class='ocrx_word' id='word_1_341' title='bbox 531 4373 662 4428; x_wconf 91' lang='lat' dir='ltr'>Venienti</span> <span class='ocrx_word' id='word_1_342' title='bbox 682 4373 710 4428; x_wconf 91' lang='lat' dir='ltr'>ln</span> <span class='ocrx_word' id='word_1_343' title='bbox 732 4372 847 4444; x_wconf 81' lang='lat' dir='ltr'>ligures</span> <span class='ocrx_word' id='word_1_344' title='bbox 869 4373 1023 4428; x_wconf 79' lang='lat' dir='ltr'>Hannibali</span> <span class='ocrx_word' id='word_1_345' title='bbox 1048 4389 1098 4443; x_wconf 93' lang='lat' dir='ltr'>per</span> <span class='ocrx_word' id='word_1_346' title='bbox 1121 4372 1239 4427; x_wconf 90' lang='lat' dir='ltr'>insidias</span> <span class='ocrx_word' id='word_1_347' title='bbox 1259 4372 1404 4442; x_wconf 92' lang='lat' dir='ltr'>intercepti</span> <span class='ocrx_word' id='word_1_348' title='bbox 1428 4372 1488 4427; x_wconf 95' lang='lat' dir='ltr'>duo</span> <span class='ocrx_word' id='word_1_349' title='bbox 1511 4376 1680 4441; x_wconf 88' lang='lat' dir='ltr'>quaestores</span> <span class='ocrx_word' id='word_1_350' title='bbox 1701 4370 1830 4437; x_wconf 90' lang='lat' dir='ltr'>Romani,</span> <span class='ocrx_word' id='word_1_351' title='bbox 1850 4369 1883 4426; x_wconf 90' lang='lat' dir='ltr'>C.</span> <span class='ocrx_word' id='word_1_352' title='bbox 1905 4368 2018 4425; x_wconf 80' lang='lat' dir='ltr'>Fulvius</span> <span class='ocrx_word' id='word_1_353' title='bbox 2042 4375 2070 4426; x_wconf 91' lang='lat' dir='ltr'>et</span> 
     </span>
     <span class='ocr_line' id='line_1_31' title="bbox 419 4440 2069 4514; baseline 0.001 -20"><span class='ocrx_word' id='word_1_354' title='bbox 419 4440 445 4495; x_wconf 82' lang='lat' dir='ltr'>L.</span> <span class='ocrx_word' id='word_1_355' title='bbox 467 4441 617 4509; x_wconf 81' lang='lat' dir='ltr'>lucretius,</span> <span class='ocrx_word' id='word_1_356' title='bbox 637 4461 700 4500; x_wconf 91' lang='lat' dir='ltr'>cum</span> <span class='ocrx_word' id='word_1_357' title='bbox 720 4445 834 4500; x_wconf 91' lang='lat' dir='ltr'>duobus</span> <span class='ocrx_word' id='word_1_358' title='bbox 854 4444 973 4500; x_wconf 89' lang='lat' dir='ltr'>tribunis</span> <span class='ocrx_word' id='word_1_359' title='bbox 993 4445 1111 4499; x_wconf 91' lang='lat' dir='ltr'>militum</span> <span class='ocrx_word' id='word_1_360' title='bbox 1132 4447 1160 4499; x_wconf 94' lang='lat' dir='ltr'>et</span> <span class='ocrx_word' id='word_1_361' title='bbox 1179 4445 1305 4514; x_wconf 91' lang='lat' dir='ltr'>quinque</span> <span class='ocrx_word' id='word_1_362' title='bbox 1325 4445 1465 4513; x_wconf 92' lang='lat' dir='ltr'>equestris</span> <span class='ocrx_word' id='word_1_363' title='bbox 1480 4445 1588 4498; x_wconf 90' lang='lat' dir='ltr'>ordinis</span> <span class='ocrx_word' id='word_1_364' title='bbox 1603 4447 1766 4498; x_wconf 90' lang='lat' dir='ltr'>senatorum</span> <span class='ocrx_word' id='word_1_365' title='bbox 1783 4442 1872 4497; x_wconf 91' lang='lat' dir='ltr'>terme</span> <span class='ocrx_word' id='word_1_366' title='bbox 1887 4442 1991 4509; x_wconf 89' lang='lat' dir='ltr'>liberis,</span> <span class='ocrx_word' id='word_1_367' title='bbox 2010 4457 2069 4512; x_wconf 92' lang='lat' dir='ltr'>quo</span> 
     </span>
     <span class='ocr_line' id='line_1_32' title="bbox 418 4514 1531 4586; baseline 0.003 -21"><span class='ocrx_word' id='word_1_368' title='bbox 418 4514 510 4582; x_wconf 91' lang='lat' dir='ltr'>magis</span> <span class='ocrx_word' id='word_1_369' title='bbox 531 4523 618 4570; x_wconf 88' lang='lat' dir='ltr'>ratam</span> <span class='ocrx_word' id='word_1_370' title='bbox 639 4515 700 4570; x_wconf 90' lang='lat' dir='ltr'>tore</span> <span class='ocrx_word' id='word_1_371' title='bbox 720 4532 783 4571; x_wconf 94' lang='lat' dir='ltr'>cum</span> <span class='ocrx_word' id='word_1_372' title='bbox 804 4517 838 4571; x_wconf 92' lang='lat' dir='ltr'>iis</span> <span class='ocrx_word' id='word_1_373' title='bbox 858 4532 958 4586; x_wconf 91' lang='lat' dir='ltr'>pacem</span> <span class='ocrx_word' id='word_1_374' title='bbox 979 4517 1203 4585; x_wconf 91' lang='lat' dir='ltr'>societatemque</span> <span class='ocrx_word' id='word_1_375' title='bbox 1222 4516 1357 4581; x_wconf 89' lang='lat' dir='ltr'>crederet,</span> <span class='ocrx_word' id='word_1_376' title='bbox 1377 4516 1531 4570; x_wconf 90' lang='lat' dir='ltr'>traduntur.</span> 
     </span>
    </p>
   </div>
   <div class='ocr_carea' id='block_1_11' title="bbox 201 4606 2069 5043">
    <p class='ocr_par' dir='ltr' id='par_1_12' title="bbox 201 4606 2069 5043">
     <span class='ocr_line' id='line_1_33' title="bbox 364 4606 2069 4686; baseline 0.001 -18"><span class='ocrx_word' id='word_1_377' title='bbox 364 4606 399 4668; x_wconf 79' lang='lat' dir='ltr'>C</span> <span class='ocrx_word' id='word_1_378' title='bbox 418 4607 542 4667; x_wconf 81' lang='lat' dir='ltr'>Fulvius</span> <span class='ocrx_word' id='word_1_379' title='bbox 558 4611 660 4685; x_wconf 91' lang='lat' dir='ltr'>primo</span> <span class='ocrx_word' id='word_1_380' title='bbox 679 4610 873 4671; x_wconf 82' lang='lat' dir='ltr'>liannibalici</span> <span class='ocrx_word' id='word_1_381' title='bbox 892 4610 962 4671; x_wconf 90' lang='lat' dir='ltr'>belli</span> <span class='ocrx_word' id='word_1_382' title='bbox 985 4627 1078 4683; x_wconf 91' lang='lat' dir='ltr'>anno,</span> <span class='ocrx_word' id='word_1_383' title='bbox 1104 4610 1168 4671; x_wconf 79' lang='lat'>536</span> <span class='ocrx_word' id='word_1_384' title='bbox 1182 4637 1222 4659; x_wconf 88' lang='lat'><strong><em>=</em></strong></span> <span class='ocrx_word' id='word_1_385' title='bbox 1238 4611 1311 4682; x_wconf 88' lang='grc'>218,</span> <span class='ocrx_word' id='word_1_386' title='bbox 1334 4616 1527 4686; x_wconf 90' lang='lat' dir='ltr'>quaesturam</span> <span class='ocrx_word' id='word_1_387' title='bbox 1549 4609 1707 4669; x_wconf 90' lang='lat' dir='ltr'>militarem</span> <span class='ocrx_word' id='word_1_388' title='bbox 1724 4608 1824 4683; x_wconf 85' lang='lat' dir='ltr'>gessit</span> <span class='ocrx_word' id='word_1_389' title='bbox 1857 4608 1922 4669; x_wconf 90' lang='lat' dir='ltr'>Utri</span> <span class='ocrx_word' id='word_1_390' title='bbox 1939 4608 2069 4682; x_wconf 90' lang='lat' dir='ltr'>consuli,</span> 
     </span>
     <span class='ocr_line' id='line_1_34' title="bbox 205 4695 2067 4776; baseline 0.001 -20"><span class='ocrx_word' id='word_1_391' title='bbox 205 4697 236 4756; x_wconf 90' lang='grc' dir='ltr'>Ρ.</span> <span class='ocrx_word' id='word_1_392' title='bbox 262 4696 410 4758; x_wconf 90' lang='lat' dir='ltr'>Cornelio</span> <span class='ocrx_word' id='word_1_393' title='bbox 434 4695 571 4773; x_wconf 91' lang='lat' dir='ltr'>Scipioni</span> <span class='ocrx_word' id='word_1_394' title='bbox 600 4715 638 4755; x_wconf 89' lang='lat' dir='ltr'>an</span> <span class='ocrx_word' id='word_1_395' title='bbox 663 4699 707 4758; x_wconf 83' lang='lat' dir='ltr'>Ti.</span> <span class='ocrx_word' id='word_1_396' title='bbox 732 4699 919 4776; x_wconf 88' lang='lat' dir='ltr'>Sempronio</span> <span class='ocrx_word' id='word_1_397' title='bbox 944 4699 1069 4776; x_wconf 83' lang='lat' dir='ltr'>longo,</span> <span class='ocrx_word' id='word_1_398' title='bbox 1096 4698 1219 4759; x_wconf 90' lang='lat' dir='ltr'>additus</span> <span class='ocrx_word' id='word_1_399' title='bbox 1242 4698 1343 4773; x_wconf 89' lang='lat' dir='ltr'>luerit,</span> <span class='ocrx_word' id='word_1_400' title='bbox 1373 4699 1561 4776; x_wconf 83' lang='lat' dir='ltr'>ignoramus.</span> <span class='ocrx_word' id='word_1_401' title='bbox 1586 4732 1626 4742; x_wconf 91' lang='lat'>-</span> <span class='ocrx_word' id='word_1_402' title='bbox 1653 4695 1807 4757; x_wconf 82' lang='lat' dir='ltr'>llannibal</span> <span class='ocrx_word' id='word_1_403' title='bbox 1837 4702 2000 4774; x_wconf 89' lang='lat' dir='ltr'>postquam</span> <span class='ocrx_word' id='word_1_404' title='bbox 2029 4697 2067 4757; x_wconf 90' lang='lat' dir='ltr'>ad</span> 
     </span>
     <span class='ocr_line' id='line_1_35' title="bbox 203 4785 2069 4864; baseline 0.001 -20"><span class='ocrx_word' id='word_1_405' title='bbox 203 4786 344 4846; x_wconf 81' lang='lat' dir='ltr'>Ticinum</span> <span class='ocrx_word' id='word_1_406' title='bbox 371 4787 542 4861; x_wconf 88' lang='lat' dir='ltr'>iterumque</span> <span class='ocrx_word' id='word_1_407' title='bbox 565 4785 623 4845; x_wconf 88' lang='lat' dir='ltr'>sub</span> <span class='ocrx_word' id='word_1_408' title='bbox 652 4786 746 4847; x_wconf 89' lang='lat' dir='ltr'>tinem</span> <span class='ocrx_word' id='word_1_409' title='bbox 770 4788 875 4854; x_wconf 84' lang='lat' dir='ltr'>anni2l</span> <span class='ocrx_word' id='word_1_410' title='bbox 903 4788 941 4848; x_wconf 91' lang='lat' dir='ltr'>ad</span> <span class='ocrx_word' id='word_1_411' title='bbox 967 4789 1107 4849; x_wconf 85' lang='lat' dir='ltr'>Trebiam</span> <span class='ocrx_word' id='word_1_412' title='bbox 1134 4788 1309 4852; x_wconf 90' lang='lat' dir='ltr'>Romanum</span> <span class='ocrx_word' id='word_1_413' title='bbox 1339 4789 1502 4848; x_wconf 84' lang='lat' dir='ltr'>exercitum</span> <span class='ocrx_word' id='word_1_414' title='bbox 1528 4787 1617 4860; x_wconf 91' lang='lat' dir='ltr'>ludit,</span> <span class='ocrx_word' id='word_1_415' title='bbox 1642 4787 1752 4847; x_wconf 86' lang='lat' dir='ltr'>(iallos</span> <span class='ocrx_word' id='word_1_416' title='bbox 1777 4787 1977 4864; x_wconf 83' lang='lat' dir='ltr'>liguresque,</span> <span class='ocrx_word' id='word_1_417' title='bbox 2006 4788 2069 4863; x_wconf 92' lang='lat' dir='ltr'>qui,</span> 
     </span>
     <span class='ocr_line' id='line_1_36' title="bbox 202 4875 2067 4953; baseline 0 -18"><span class='ocrx_word' id='word_1_418' title='bbox 202 4892 273 4935; x_wconf 92' lang='lat' dir='ltr'>cum</span> <span class='ocrx_word' id='word_1_419' title='bbox 299 4875 469 4952; x_wconf 90' lang='lat' dir='ltr'>permultos</span> <span class='ocrx_word' id='word_1_420' title='bbox 490 4892 590 4936; x_wconf 90' lang='lat' dir='ltr'>annos</span> <span class='ocrx_word' id='word_1_421' title='bbox 612 4893 629 4934; x_wconf 91' lang='lat' dir='ltr'>a</span> <span class='ocrx_word' id='word_1_422' title='bbox 655 4876 801 4940; x_wconf 90' lang='lat' dir='ltr'>Romanis</span> <span class='ocrx_word' id='word_1_423' title='bbox 824 4879 962 4953; x_wconf 84' lang='lat' dir='ltr'>exagitati</span> <span class='ocrx_word' id='word_1_424' title='bbox 986 4883 1094 4952; x_wconf 91' lang='lat' dir='ltr'>essent,</span> <span class='ocrx_word' id='word_1_425' title='bbox 1120 4876 1317 4938; x_wconf 90' lang='lat' dir='ltr'>iamdudum</span> <span class='ocrx_word' id='word_1_426' title='bbox 1339 4877 1508 4939; x_wconf 89' lang='lat' dir='ltr'>rebellaturi</span> <span class='ocrx_word' id='word_1_427' title='bbox 1525 4882 1616 4950; x_wconf 91' lang='lat' dir='ltr'>erant,</span> <span class='ocrx_word' id='word_1_428' title='bbox 1639 4875 1677 4936; x_wconf 90' lang='lat' dir='ltr'>ad</span> <span class='ocrx_word' id='word_1_429' title='bbox 1697 4876 1870 4937; x_wconf 89' lang='lat' dir='ltr'>societatem</span> <span class='ocrx_word' id='word_1_430' title='bbox 1890 4875 2067 4936; x_wconf 90' lang='lat' dir='ltr'>Poenorum</span> 
     </span>
     <span class='ocr_line' id='line_1_37' title="bbox 201 4964 2068 5043; baseline -0.001 -19"><span class='ocrx_word' id='word_1_431' title='bbox 201 4964 346 5025; x_wconf 88' lang='lat' dir='ltr'>adiunxit.</span> <span class='ocrx_word' id='word_1_432' title='bbox 395 4965 469 5024; x_wconf 86' lang='lat' dir='ltr'>Mox</span> <span class='ocrx_word' id='word_1_433' title='bbox 504 4971 573 5041; x_wconf 90' lang='lat' dir='ltr'>post</span> <span class='ocrx_word' id='word_1_434' title='bbox 604 4964 772 5041; x_wconf 84' lang='lat' dir='ltr'>proelium,</span> <span class='ocrx_word' id='word_1_435' title='bbox 802 4983 867 5040; x_wconf 91' lang='lat' dir='ltr'>quo</span> <span class='ocrx_word' id='word_1_436' title='bbox 902 4984 998 5043; x_wconf 90' lang='lat' dir='ltr'>prope</span> <span class='ocrx_word' id='word_1_437' title='bbox 1031 4967 1213 5026; x_wconf 89' lang='lat' dir='ltr'>Placentiam</span> <span class='ocrx_word' id='word_1_438' title='bbox 1245 4985 1262 5026; x_wconf 89' lang='lat' dir='ltr'>a</span> <span class='ocrx_word' id='word_1_439' title='bbox 1294 4967 1440 5031; x_wconf 89' lang='lat' dir='ltr'>Romanis</span> <span class='ocrx_word' id='word_1_440' title='bbox 1474 4984 1536 5026; x_wconf 92' lang='lat' dir='ltr'>non</span> <span class='ocrx_word' id='word_1_441' title='bbox 1569 4983 1714 5042; x_wconf 90' lang='lat' dir='ltr'>prospere</span> <span class='ocrx_word' id='word_1_442' title='bbox 1745 4983 1792 5025; x_wconf 90' lang='lat' dir='ltr'>res</span> <span class='ocrx_word' id='word_1_443' title='bbox 1824 4970 1907 5043; x_wconf 92' lang='lat' dir='ltr'>gesta</span> <span class='ocrx_word' id='word_1_444' title='bbox 1935 4970 2008 5038; x_wconf 89' lang='lat' dir='ltr'>erat,</span> <span class='ocrx_word' id='word_1_445' title='bbox 2038 4966 2068 5024; x_wconf 95' lang='lat' dir='ltr'>in</span> 
     </span>
    </p>
   </div>
   <div class='ocr_carea' id='block_1_12' title="bbox 364 5138 1252 5281">
    <p class='ocr_par' dir='ltr' id='par_1_13' title="bbox 364 5138 1252 5281">
     <span class='ocr_line' id='line_1_38' title="bbox 367 5138 680 5194; baseline 0 -1"><span class='ocrx_word' id='word_1_446' title='bbox 367 5143 383 5194; x_wconf 88' lang='lat'>¹.</span> <span class='ocrx_word' id='word_1_447' title='bbox 405 5138 438 5193; x_wconf 89' lang='lat' dir='ltr'>cl.</span> <span class='ocrx_word' id='word_1_448' title='bbox 459 5139 561 5194; x_wconf 84' lang='lat' dir='ltr'>Zonar.</span> <span class='ocrx_word' id='word_1_449' title='bbox 577 5139 639 5193; x_wconf 90' lang='lat' dir='ltr'>Vlll</span> <span class='ocrx_word' id='word_1_450' title='bbox 659 5143 680 5193; x_wconf 94' lang='grc'>1.</span> 
     </span>
     <span class='ocr_line' id='line_1_39' title="bbox 364 5209 1252 5281; baseline -0.008 -16"><span class='ocrx_word' id='word_1_451' title='bbox 364 5213 386 5278; x_wconf 76' lang='lat'>²)</span> <span class='ocrx_word' id='word_1_452' title='bbox 409 5209 506 5281; x_wconf 78' lang='lat' dir='ltr'>Polyb.</span> <span class='ocrx_word' id='word_1_453' title='bbox 528 5211 562 5265; x_wconf 88' lang='grc' dir='ltr'>ΙΙΙ</span> <span class='ocrx_word' id='word_1_454' title='bbox 583 5212 630 5265; x_wconf 76' lang='lat'>72:</span> <span class='ocrx_word' id='word_1_455' title='bbox 651 5213 731 5277; x_wconf 67' lang='grc' dir='ltr'><em>οὔσης</em></span> <span class='ocrx_word' id='word_1_456' title='bbox 753 5219 795 5278; x_wconf 60' lang='lat' dir='ltr'>iric</span> <span class='ocrx_word' id='word_1_457' title='bbox 815 5211 885 5276; x_wconf 64' lang='grc' dir='ltr'>ὧρας</span> <span class='ocrx_word' id='word_1_458' title='bbox 904 5211 962 5276; x_wconf 75' lang='grc' dir='ltr'>,11ρί</span> <span class='ocrx_word' id='word_1_459' title='bbox 982 5212 1128 5277; x_wconf 57' lang='grc' dir='ltr'>χειμερινὰς</span> <span class='ocrx_word' id='word_1_460' title='bbox 1151 5212 1252 5276; x_wconf 71' lang='grc' dir='ltr'>ιρυπιές.</span> 
     </span>
    </p>
   </div>
   <div class='ocr_carea' id='block_1_13' title="bbox 0 0 2214 5692">
    <p class='ocr_par' dir='ltr' id='par_1_14' title="bbox 0 0 2214 5692">
     <span class='ocr_line' id='line_1_40' title="bbox 0 0 2214 5692; baseline 0 0"><span class='ocrx_word' id='word_1_461' title='bbox 0 0 2214 5692; x_wconf 95' lang='lat' dir='ltr'> </span> 
     </span>
    </p>
   </div>
  </div>
 </body>
</html>
